3307 4935
547 542 2282 111 En revanche, faute de personnel et de place, certains départements

547 658 2311 111 dont les collections n’ont pas d’équivalent (phonothèque, Estampes,

547 760 2422 107 Manuscrits), et qui occupent de ce fait, bien qu’involontairement. une

551 855 2657 119 position de monopole documentaire, en sont réduits a restreindre le nombre de

555 958 2558 111 leurs communications, voire leurs horaires d’ouverture, empêchant ainsi de

555 1056 2583 124 traiter sur un pied d’égalité la communication du document écrit tradition-

555 1163 2348 107 nel et celle du cocument iconographique ou audiovisuel. En bref, les

555 1262 2451 111 efforts que la Bibliothèque Nationale a déployés depuis quelques années

555 1365 2542 119 pour la mise en valeur de ses collections et leur conservation. notament

559 1468 2316 111 au plan de l’automatisation, risquent d’être vains, si une mutation

555 1566 2385 116 n’intervient pas dans l’esprit de ses utilisateurs ; ce rôle de guide

559 1669 2312 115 et en quelque sorte d’éducateur a été insuffisemment envisagé. mais

559 1776 2386 119 s’avère de plus en plus nécessaire au maniement d’un outil de travail

559 1883 1793 115 utilisé jusqu’ici de façon trop souvent irrationnel.

1365 217 235 99 - 12 -

2517 4239 251 124 .../...
