3337 4935
1357 226 1592 312 - 18 -
576 481 2896 592 prestigieux destinées à une vulgarisation de haut niveau (telle que
580 592 3164 715 la pratiquent l’Institut de France à Chantilly ou le Vatican) permettraient
580 695 2958 797 de compenser le faible chiffre de vente des catalogues spécialisés et
580 801 3024 904 des pubilcations strictement scientifiques. Sur ce plan, le département
580 904 2892 1007 des Estampes s’est montré pionnier en lancant chez Albin Michel une
580 1003 3024 1106 collection intitulée "les albums du Cabinet des Estampes" et en passant
576 1102 3032 1213 marché avec les éditions Carolyn Bean (San Francisco) pour l’impression
580 1200 3065 1320 de cartes postales destinées au public américain. De même pour l’édition
580 1316 1316 1451 de textes de l'Enfer.
2514 4564 2785 4712 .../...
