3337 4935
1366 148 1592 250 - 33 -
1193 625 1810 740 6) _ADMINISTRATION
954 810 3106 921 L'activité financière de la Bibliothèque Nationale transparait
617 921 3201 1032 à la lecture du Compte Financier présenté par ailleurs. Aussi ne s’étendra-
625 1028 3139 1130 t-on pas sur les aspects chiffrés pour mettre plutôt en évidence les dif-
621 1143 2077 1221 ficultés structurelles de l'établissement.
958 1229 3007 1328 En effet, quelle que soit la bonne volonté et la conscience
621 1328 2941 1422 professionnelle des personnels de l'Administration, la Bibliothèque
621 1435 3073 1533 Nationale a continué à souffrir en 1984 de l’insuffisance de ses struc-
625 1542 2349 1636 tures administratives et surtout de ses effectifs.
966 1632 3143 1727 Les conséquences sur l'ensemble du fonctionnement qe l'établis-
629 1735 3143 1842 sement s'avèrent suffisamment importantes pour que l'on puisse considérer
625 1838 2760 1945 qu’il s’agit du principal secteur sinistré de la bibliothèque.
966 1949 2563 2056 - retard dans les commandes, dans les marchés,
971 2052 3016 2171 - retard dans les paiements entraînant des difficultés pour
633 2163 1234 2274 les fournisseurs,
975 2249 3114 2356 - retard dans, le traitement des dossiers administratifs prévo-
629 2368 2295 2479 yant le mécontentement des personnels concernés.
971 2479 3053 2578 Le climat qui s’en est suivi ne peut qu’être préjudiciable à
637 2586 2909 2706 l’ensemble de l’activité surtout dans une période aussi difficile.
