3337 4935
1193 625 617 115 6) _ADMINISTRATION

954 810 2152 111 L'activité financière de la Bibliothèque Nationale transparait

617 921 2584 111 à la lecture du Compte Financier présenté par ailleurs. Aussi ne s’étendra-

625 1028 2514 102 t-on pas sur les aspects chiffrés pour mettre plutôt en évidence les dif-

621 1143 1456 78 ficultés structurelles de l'établissement.

958 1229 2049 99 En effet, quelle que soit la bonne volonté et la conscience

621 1328 2320 94 professionnelle des personnels de l'Administration, la Bibliothèque

621 1435 2452 98 Nationale a continué à souffrir en 1984 de l’insuffisance de ses struc-

625 1542 1724 94 tures administratives et surtout de ses effectifs.

966 1632 2177 95 Les conséquences sur l'ensemble du fonctionnement qe l'établis-

629 1735 2514 107 sement s'avèrent suffisamment importantes pour que l'on puisse considérer

625 1838 2135 107 qu’il s’agit du principal secteur sinistré de la bibliothèque.

966 1949 1597 107 - retard dans les commandes, dans les marchés,

971 2052 2045 119 - retard dans les paiements entraînant des difficultés pour

633 2163 601 111 les fournisseurs,

975 2249 2139 107 - retard dans, le traitement des dossiers administratifs prévo-

629 2368 1666 111 yant le mécontentement des personnels concernés.

971 2479 2082 99 Le climat qui s’en est suivi ne peut qu’être préjudiciable à

637 2586 2272 120 l’ensemble de l’activité surtout dans une période aussi difficile.

1366 148 226 102 - 33 -
