3337 4935
1349 760 383 107 _CONCLUSION

950 1007 2111 111 L’année 1984 a été marquée pour la Bibliothèque Nationale par

604 1118 2547 103 plusieurs modifications dont les effets ne se sont pas encore fait sentir.

608 1225 2556 111 La complexité, le poids des activités, l’ampleur des traditions font appa-

617 1332 2415 99 raître l’inertie considérable du système. Et ce n'est trop souvent que

613 1431 2448 98 par des mesures limitées, parfois brusques que l’ensemble peut, non pas

617 1529 2382 107 évoluer, mais simplement prendre en compte des priorités ou certaines

617 1628 2386 111 contraintes. Significatives a cet égard sont les mesures de fermeture

621 1727 2514 115 temporaire de certains secteurs de la bibliothèque, faute d’autres moyens

621 1838 2440 103 pour assurer les moyens en personnel nécessaires pour l’automatisation.

621 1928 2580 107 De même, si la communication s’est améliorée au long de l’année, ses condi-

625 2031 2473 115 tions sont restées fragiles et le problème du samedi n’a pas été résolu.

621 2134 2576 111 Moyens globaux et souplesse de fonctionnement manquent parfois cruellement.

625 2237 2522 111 Il convient d’espérer que la mesure de mise "hors-gel" de la Bibliothèque

625 2340 2547 139 Nationale permettra de corriger en 1985 une partie des difficultés rencon-

633 2463 498 103 trées en 1984.

1415 168 239 74 - 34 -

670 4671 259 128 BNR 85 103 C
