3337 4935
1329 246 1596 337 - 2 -
621 604 2941 736 Afin d'en alléger la lecture, la suite du rapport évitera systèma-
279 711 3086 851 tiquement les trops longues énumérations, les tableaux de chiffres, et privilégiera
259 826 3143 941 les faits marquants, les analyses et les inflexions. Plus court, ce rapport se veut
250 921 3016 1093 une première étape vers ce qui devrait être un couple indissoluble, prévision -
259 1056 518 1159 bilan.
2592 4626 2843 4717 .../...
