3307 4935
740 514 847 123 _B) _protection _initiale :

744 711 2184 90 Ces travaux de protection (reliure, doublage, désinfection) sur

579 818 2213 90 les acquisitions récentes ont pu être menés cette année de façon

575 925 2283 82 à peu près satisfaisante, y compris dans le cas du département des

575 1024 2439 82 imprimés dont les besoins sont beaucoup plus considérables qu'ailleurs.

571 1126 2522 83 L'atelier du département des Périodiques et l'annexe de la rue Montbauron

575 1225 2353 86 à Versailles ont procédé au doublage de 32 192 feuillets, désinfecté

579 1332 2419 90 60m3 de collection, relié 5412 volumes, monté sur onglets 5751 numéros

579 1435 2283 86 du Journal officiel. Si les crédits n'ont pas augmenté par rapport

575 1538 2353 78 à l'an passé, ils ont néanmoins permis de faire face aux principales

579 1636 2283 83 nécessités. Les départements spécialisés ont pu également procéder

575 1739 2357 78 à la reliure de leurs ouvrages et à l'acquisition du matériel annexe

579 1834 2551 98 de conservation (boitiers, étuis, plaques d'altuglass...). La Bibliothèque

579 1945 2287 78 de l'Arsenal a commencé, elle aussi, à résorber son retard dans le

579 2043 2419 83 domaine de la reliure, tandis que le département des Arts du spectacle

575 2146 2250 78 a réalisé de manière satisfaisante l'entoilage de ses collections

575 2245 2386 86 d'affiches et la reliure de ses ouvrages. Enfin le nombre des volumes

579 2348 2217 82 reliés cette année au département des Imprimés est passé de 6616

579 2446 2217 107 à 7672, en dépit de la défection d'un certain nombre de relieurs

579 2553 2036 124 extérieurs. Le bilan est donc satisfaisant sur ce chapitre.

1287 242 189 87 - 7 -

2599 4614 234 119 .../...
