1581 2000
1330 146 1389 195 (5)
356 265 1399 318 ordonnance du morceau oratoire, je fus émerveillé de la mé-
358 328 1417 380 moire de l'orateur. J'avais lu avec grande attention le dis-
358 388 1419 440 cours et je ne pus douter en l'écoutant qu'il était prononcé
358 456 773 496 sans en oublier un mot.
446 508 1479 558 En prenant congé le Président remercia le Maire, M. Terquem,
358 568 1380 620 des manifestations de smmpathie dont il avait été l'obiet,
361 628 1454 676 "On fait bien les choses à Dunkerque" dit-il. Et le Maire, qui
360 690 1439 741 ne voyait là qu'une allusio aux décorations de trophées et de
360 748 1405 801 girandoles, de répondre avec candeur: "Nous avons fait bien
361 811 1457 861 mieux pour le Président de la République". Je me plais à croi-
361 870 1405 926 re que le susceptible amour propre de M. Poincaré n'eût pas
363 935 1440 981 été flatté s'il n'eût consideré le propos de M. Terquem comme
363 993 1409 1048 un encouragement à revenir dans sa ville en qualité de Chef
365 1061 553 1110 de l'Etat.
448 1115 1429 1166 N. Fallières parvenait au terme de son septennat, et un
365 1171 1455 1228 successeur devait lui être donné au debut de l'année suivante,
358 1235 1432 1290 si désirable que fut son maintien à l'Elysée où il avait mon
368 1295 1447 1348 tré avec autant de dignité que de simplicité les qualités que
366 1353 1464 1415 doit posseder le Chef d'un grand Etat démocratique. En des pé-
368 1415 1415 1473 riodes critiques, comme la crise d'agadir, la finesse et la
370 1475 1449 1533 fermeté de son esprit unies à la prudence et au sang-froid de
370 1535 1479 1596 son caractère, contribuèrent puissamment au maintien de la paix.
368 1596 1415 1655 M. Fallières était trop fidèle aux traditions républicaines
370 1660 1429 1713 pour solliciter ou accepter le renouvellement de son mandat,
373 1716 1432 1781 et il était trop soucieux de correction pour s'ingérer, même
