1595 2000
1345 136 1406 201 (4)
345 256 1430 311 rendre compte si la harangue presidentielle autorisait les al-
345 328 1413 375 lusions, que contenait le modeste toast que j'avais préparé, à
345 388 1033 435 la Mission diplomatique de M. Poincaré.
430 445 1450 491 En attendant le moment fixé pour nous rendre à terre, j'ac-
345 503 1466 555 compagnai ce dernier et M. Steeg dans leur promenade sur la pla-
343 565 1416 615 ge du bateau et je garde comme un souvenir amusant une photo-
343 623 1466 673 graphie qui nous représente riant tous les trois d'un rire dénué
343 685 1451 735 de toute contrainte. Cette gaieté aurait plongé dans un profond
343 745 1430 796 étonnement la foule qui n'a jamais contemplé M. Poincaré et M.
343 808 1136 855 Steeg que sous un masque de sevère austerité.
431 865 1453 915 Au débarquement l'accueil fut débordant d'enthousiasme. Le
345 928 1453 978 sentiment patriotique faisait vibrer tous les coeurs. A l'arri-
345 988 1438 1038 vée à l'Hôtel de Ville les acclamations redoublèrent, M. Poin-
346 1050 1438 1101 caré semblait vivement touché de ces ovations qui provoquèrent
346 1105 1470 1161 une confidence dont je devais me souvenir l'année suivante. "Ils
346 1168 1465 1221 ne savent pas, glissa discrètement, croyant ne pas être entendu,
345 1225 1456 1281 à l'oreille d'un de ses collègues, un secrétaire du Président du
345 1288 1440 1343 Conseil, ils ne savent pas qu'ils acclament le futur Président
346 1356 671 1406 de la République."
431 1406 1438 1463 Le beau discours que M. Poincaré prononça au banquet sou-
345 1468 1438 1526 leva l'admiration de tous les convives. Avec un art consommé et
346 1530 1456 1585 sans prêter à la critique de nos irritables voisins de l'Est il
348 1595 1473 1645 apportait à ses auditeurs le plus précieux réconfort en exaltant
348 1655 1388 1715 leur foi dans l'avenir. Je n'admirai pas seulement la belle
