1588 2000
1319 143 1417 205 (I03)
346 265 1456 318 la patrie, sur les plus inconfortables transports à destination
346 333 513 376 du Havre.
433 388 1456 441 A dix heures du soir, le dernier train avait quitté Armen-
346 453 1421 498 tières. La mobilisation avait heureusement réussi. Nous fîmes
346 515 1371 556 nos adieux au Sous-Préfet de Dunkerque: - "Au revoir à des
346 570 1404 621 jours meilleurs. Et maintenant hâtez-vous de faire couper le
346 630 1432 685 fil qui nous relie, car demain matin nous serons prisonniers."
432 696 1437 740 Avant de regagner nos appartements particuliers, nous nous
346 755 1421 800 arrêtames dans le fumoir où, a la fois très las et satisfaits
346 811 1421 863 cependant d'avoir rempli jusqu'au bout notre tâche, nous nous
346 876 1406 921 laissâmes tomber dans des fauteuils. Nous venions à peine de
345 933 1421 983 goûter le calme bienfaisant d'une detente après les émotions
345 995 1404 1041 de la journée ,que le bruit de pas précipités et un cliquetis
345 1058 1404 1103 d'armes nous font brusquement dresser. La porte poussée avec
346 1118 1439 1165 fracas s'ouvre à deux battants encadrant des soldats rouges de
346 1178 1441 1225 fureur qui se pressent pour entrer, les baïonnettes en avant.-
345 1240 1441 1286 Une sorte de fou furieux portant l'ourson des hussards avec la
348 1298 1441 1348 tête de mort et les tibias en croix, se détache en brandissant
346 1358 1491 1411 une carabine. - "Où est le Préfet hurle-t-il, d'une voix rauque."
348 1425 1387 1471 - "Le préfet, c'est moi lui dis-je." - Et passant son arme à
346 1485 1406 1528 un soldat, il me saute à la gorge et me renverse sur le bras
346 1541 1406 1595 d'un fauteuil son genou sur ma poitrine. Je halète,étouffant
346 1603 1392 1653 sous cette brutale pression, Borromée fait un geste pour me
346 1661 1426 1715 dégager. Il est aussitôt saisi par des soldats et rejeté vio-
346 1726 1442 1776 lemment en arrière. Sa tête frappe si fort contre le mur qu'on
