2204 3073
825 179 1517 261 Entre les Soussignés :
743 291 2157 373 M. Jacques ROUCHE, Directeur de l'Académie Na-
594 361 2157 432 tionale de Musique et de Danse, prenant domicile au
627 412 1488 489 Théâtre National de l'Opéra,
1617 466 1973 530 d'une part,
738 501 2132 581 Et M. Léo STAATS, maître de ballet, demeurant
594 563 2034 637 à Paris, I6 rue Saulnier, se déclarant libre de
597 617 1096 699 tout engagement,
1617 619 2032 704 d'autre part,
832 709 1760 786 Il a été convenu ce qui suit :
743 806 2157 886 M. Léo STAATS est engagé à l'Académie Nationa-
594 865 2132 942 le de Musique et de Danse comme maître de ballet à
592 919 1514 983 dater du premier Janvier I9I9.
748 967 2101 1039 Il sera chargé de la chorégraphie et mise en
592 1019 2155 1090 scène des ballets et de la surveillance de l'ensei-
592 1075 2065 1142 gnement chorégraphique dans les classes de danse
592 1124 1427 1185 et de pantomine de l'Opéra,
743 1172 2096 1242 Ses fonctions comme maître de ballet ne sont
592 1221 2124 1295 pas exclusives ; il pourra y avoir à l'Académie Na-
594 1272 2063 1344 tionale de Musique et de Danse d'autres metteurs
592 1323 2155 1400 en scène ou maître de ballet pour régler la choré
589 1377 1478 1434 graphie de certaines oeuvres.
738 1428 2155 1500 Les appointements annuels de M. Léo STAATS se-
589 1477 1781 1546 ront de Quinze mille francs ( 15.000 ).
740 1531 1968 1600 Il aura droit à un mois de congé par an.
738 1582 2083 1651 Le présent contrat est fait pour une, trois,
589 1631 2091 1705 cinq, sept années ; il sera résiliable à la fin de
586 1682 2121 1761 chacune de ces trois périodes sans indemnité, à la
586 1738 2032 1818 charge de se prévenir réciproquement trois mois
586 1787 876 1851 d'avance.
743 1830 2055 1912 Dans le cas où M. Jacques ROUCHE cesserait,
586 1892 2060 1964 pour quelques causes que ce soit, prévues ou non
589 1943 2063 2015 prévues par le Cahier des charges, d'être Direc-
592 1994 2124 2069 teur de l'Académie Nationale de Musique et de Dan-
586 2046 2150 2122 se, il se trouverait par ce fait, dégagé, sans être
589 2097 2029 2171 tenu au paiement d'aucun dédit ou indemnité, de
586 2148 1973 2225 toutes garanties ou obligations envers M. Léo
586 2197 2150 2279 STAATS, mais M. Léo STAATS devrait rester à la dis-
584 2250 2127 2335 position Du successeur de M. J. ROUCHE ; le Succes-
589 2307 2129 2391 seur aura droit de continuer le présent engagement
589 2355 2124 2458 ou de le résilier sans être tenu à aucune indemni-
589 2404 697 2471 té.
732 2453 2106 2542 Le Directeur se réserve le droit de résilier,
584 2507 2096 2606 sans indemnité d'aucune sorte, le présent engage-
581 2563 2037 2660 ment en cas de retrait ou suspension de tout ou
581 2614 1322 2686 partie de la subvention.
730 2668 2160 2773 Pour l'exécution du présent engagement, domici-
581 2722 2121 2855 le est élu par M. Léo STAATS à Paris, I6 rue Saul-
1791 2921 2106 3034 ~~~ ~~~
