1024 1312
140 45 818 90 seur de lampes, sera renouvellé et dans quelles conditions.
196 80 933 120 3° Comme je lui faisait remarquer la sombre clarté (Victor Hugo)
141 107 887 137 de couloirs et que là ma lampe serait avantageuse il me répondit
141 125 913 161 que l'éclairage des couloirs et réduits ou bureaux était secondaire
143 149 627 186 (sinon à la lettre du moins dans l'esprit)
198 168 892 216 4° J'ai ensuite agité la question loges ou un luminaire doit
145 202 927 236 donner un maximum d'intensité. Mais là il paraît que de nombreux ....
144 223 879 253 emprunts de lampes administratives réduiraient à zéro l'économie
143 238 901 276 possible par l'emploi de la lampe "Solargent" chaque lampe emprun-
144 259 890 295 tée représenterait une perte séche alors qu'actuellement le con-
143 282 592 317 trat supplée à ce petit inconvénient!!!
202 299 892 347 5° Evidemment j'avais pensé dans la lustrerie a lampes multi-
145 334 869 369 ples pouvoir, par disposition spéciale supprimer avec éclairage
145 354 892 385 égal, sinon supérieur, une lampe sur trois. Mais Monsieur Depailly
145 373 882 410 m'en a démontré l'impossibilité et qu'il fallait remplacer lampe
145 403 275 431 pour lampe.
201 423 862 460 Eh bien malgré toutes ces excellentes raisons je persiste
144 450 886 483 à vouloir vous démontrer l'économie importante à réaliser sur le
147 470 870 501 prix de revient du courant même en remplacant lampe pour lampe;
146 487 871 553 et c'est pourquoi je vous ai dressé ce petit tableau comparatif.
