1024 1312
373 99 910 145 La page théâtrale des quotidiens d'aujourd'hui
306 143 896 182 marque d'une pierre noire le crépuscule du Théâtre.
374 182 908 216 Différentes salles, sous différents prétextes,
306 219 920 254 masquent leur fermeture avec ce mot facile : Relâche.
371 256 936 296 Allons-nous assister à cette chose navrante  la
305 296 864 332 fermeture progressive de la plupart des maisons?
371 333 933 369 N'y aura-t'il plus à Paris que les quatre Natio-
305 369 889 407 naux, plus le Populaire, les Municipaux et deux ou
307 410 532 446 trois privilégiés ?
370 446 896 482 Pour le cerveau du monde c'est peu, trop peu.
374 484 940 520 Si nous nous plaçons sur le terrain matérialiste,
306 522 923 559 va-t'on laisser mourir une industrie qui, directement
306 560 933 598 ou indirectement, fait vivre 150 à 200.000 personnes ?
373 599 933 634 Quelles sont les raisons qui font que les salles
307 634 681 675 sont de plus en plus désertées ?
306 675 578 711 1°) le prix des places,
305 715 532 748 2°) les transports,
306 753 935 790 3°) qu'on le veuille ou non la terrible concurrence du
351 791 497 825 filme sonore,
306 828 946 863 4°) la crise terrible que nous subissons entre naturel-
352 867 782 904 lement pour une part non négligeable.
371 919 923 955 Une récente enquête de "Comoedia" m'a doucement
303 956 923 994 fait rire : chacun s'évertuant à rejeter la faute sur
305 996 957 1031 le voisin d'en face ou le copain d'à côté. Il s'agissait
307 1035 968 1071 de savoir pourquoi les salles n'étaient pas archi-combles
307 1070 987 1116 tous les soirs: les uns disaient, c'est la faute de Machin,
487 1111 932 1150 Machin disait, c'est la faute de Truc,
490 1150 976 1190 Truc disait, c'est la faut de Tartempions.
903 1190 944 1221 ./.
