1024 1333
503 56 567 92 ( 3 )
461 138 588 167 V Tableau
205 192 455 227 La rue ( ad libitum )
205 247 967 291 Course de Jean-Pierre poursuivi par une nuée de gamins moqueurs.
459 367 599 407 VI Tableau
204 425 525 462 La boutique du charbonnier.
204 482 923 518 Jean-Pierre arrive chez lui, il tombe désolé dans les bras de
145 518 959 556 Jeannette, mais elle ne le reconnait pas et appelle - Au fond le beau
145 562 937 595 et gigantesque gendarme parait stupéfait de l'audace du capucin, il
146 595 958 635 lui administre une volée de manche à balai et le poursuit à l'aide de
143 636 955 684 projectiles dont la propre marchandise de Jean-Pierre fait les frais.
