1024 1306
372 112 619 144 BULLETIN DE SOUSCRIPTION
157 149 843 187 à adresse _exclusivement à Monsieur Paul Fallet, Trésorier de l'AFSOA
156 176 406 206 24, rue Malar, Paris VII°
157 212 302 249 Je soussigné :
156 243 196 273 Nom
156 274 234 303 Adresse
157 325 839 356 désire recevoir, dès parution, le disque RENAISSANCE DE L'ORGUE N°2,
159 353 838 376 comprenant l'OEUVRE POUR ORGUE de BRUHNS et les SIX CHORALS de HANFF,
160 373 862 405 interprétés par MICHEL CHAPUIS à l'orgue Kern de l'église Saint Maximin
157 396 301 422 de Thionville.
489 420 940 451 Ma souscription porte sur ..... exemplaires
157 448 871 475 Par la même occasion, je serais heureux de recevoir aux mêmes conditions
159 473 901 497 dans la limite des disponibilités, le premier disque RENAISSANCE DE L'ORGUE
159 493 850 519 comprenant les NOELS FRANCAIS DU XVIIIè SIECLE, enregistrés par MICHEL
156 514 575 543 CHAPUIS sur l'orgue Koenig de Sarre-Union.
489 538 713 571 Ma commande porte sur
758 537 940 581 ..... exemplaires
159 568 812 593 Je joins au présent bulletin le réglement de ma commande totale et
159 592 872 620 ajoute les frais de port et emballage tels qu'indiqués au bas du présent
157 613 516 635 bulletin. Mon réglement s'effectue :
159 633 785 670 (1) par chèque bancaire - par chèque postal - par mandat-lettre
194 664 517 707 établi à l'ordre de l'A.F.S.O.A.
656 747 752 790 Signature
155 771 545 828 L'A.F.S.O.A. rappelle à ses adhérents :
236 823 763 851 - que chaque exemplaire est fourni au prix de 25.00 F
237 848 813 873 - que le disque RENAISSANCE DE L'ORGUE N° 2 est prévu pour
253 868 567 895 paraître courant septembre 1970
237 891 848 921 - que la présente souscription sera close de 31 décembre 1970,
254 917 833 940 date à laquelle le disque RENAISSANCE DE L'ORGUE N° 2 sera
256 937 810 959 commercialisé au prix de 37.00 F. Ce prix est d'ailleurs
254 957 842 979 celui du disque RENAISSANCE DE L'ORGUE N° 1 actuellement et
254 978 833 1006 c'est à titre tout à fait exceptionnel que nous pouvons le
253 998 654 1023 proposer plus haut aux conditions AFSOA.
238 1024 726 1049 - que les frais de port et emballage se montent à
254 1045 693 1068 4.00 F pour tout envoi de un ou deux disques
254 1067 715 1088 6.00 F pour tout envoi de trois à cinq disques
754 1060 850 1093 en France
253 1086 693 1111 7.00 F pour tout envoi de six à huit disques
252 1113 697 1149 9.00 F pour tout envoi de un et deux disques
752 1113 880 1143 à 'étranger
155 1174 476 1215 (1) Rayer les mentions inutiles.
