1024 1334
130 131 888 175 ASSOCIATION FRANCAISE POUR LA SAUVEGARDE
348 190 671 231 DE L'ORGUE ANCIEN
501 273 513 309 I
110 312 897 356 Nous sommes heureux de vous adresse ci-dessous le calendrier des concerts que
112 342 394 377 nos amis nous ont annoncés :
468 374 545 409 _JUILLET
190 406 313 449 - lundi 6 -
365 407 595 434 St Jean de Luz - 21 h.
366 432 488 460 André Isoir
191 456 313 488 - mardi 7 -
365 455 674 492 Biarritz (Ste Eugénie) - 21 h.
366 482 486 506 André Isoir
190 506 343 539 - mercredi 8 -
364 504 614 536 Dax (Cathédrale) - 21 h.
365 533 486 556 André Isoir
190 546 331 589 - samedi 11 -
365 556 722 586 Souvigny (Eglise Prieurale) - 21 h.
365 580 831 612 Henri Legras (orgue) - Chantal Tyrode (chant).
192 599 354 643 - vendredi 24 -
360 609 702 636 Lannion (St Jean du Baly) - 21 h.
366 632 823 669 André Isoir (orgue) - M. Giboureau (hautbois)
189 660 322 685 - lundi 27 -
363 661 613 687 Dieppe (St Rémi) - 18 h.
366 683 658 708 Raphaëlle Garreau de Labarre
189 707 319 739 - mardi 28 -
365 708 603 738 Berne (Munster) - 21 h.
365 733 485 757 André Isoir
189 757 317 793 - jeudi 30 -
364 759 475 787 Roquemaure
365 775 905 817 Francis Chapelet (Récital donné dans le cadre du Fes-
365 804 534 844 tival d'Avignon)
465 896 509 932 _AOUT
185 936 386 972 - 1ère quinzaine -
365 956 772 989 Semur en Auxois (Côte d'Or) - Collégiale
365 983 612 1007 1° Concert à 2 clavecins
413 1002 714 1028 René Delosme et J.C. Duperon
364 1021 653 1051 2° Concert chant et clavecin
364 1044 554 1070 3° Récital d'orgue
186 1061 336 1104 - du 4 au 13 -
362 1067 881 1099 4 concerts pour orgue et trompette avec le concours
363 1094 871 1129 de Francis Chapelet à travers le département de la
362 1116 460 1143 Dordogne.
185 1135 316 1176 - samedi 8 -
362 1139 719 1169 Souvigny (Eglise Prieurale) - 21 h.
363 1163 810 1193 Michel Chapuis (orgue) - Else Muhl (soprano)
363 1185 560 1208 Eric Marion (Ténor)
363 1201 879 1238 Récital donné dans le cadre du Festival de Chateloy
363 1225 489 1257 et Souvigny.
