1024 1371
907 35 952 68 158
180 78 945 124 Une jeune fille vétue de bure violine , un chapeau de paille enfoncé
182 118 901 161 sur les yeux et d'où s'échappent , raide comme des osiers , des
182 159 691 199 cheveus chatain clair huilés de brillantine .
182 229 858 275 La longue couleuvre du vent lutte avec l'oiseau de l'orage .
460 198 627 227 ++++++++++++++
184 301 949 346 Deux homme a longues moustaches noires -- des frères , sans doute-
460 275 632 306 ++++++++++++++
184 342 929 386 qui se sont retrouvés , ont bu le rhum de l'amitié et , maintenant
185 381 917 422 sur le point du départ , s'embrassent de deux bons baiser sur les
185 422 939 462 joues . De la porte , celui qui part parle encore . Celui qui reste
185 462 908 495 le dos a la moleskine de la banquette , fait Oui de la tète et
186 502 921 535 regarde d'un bon regard luisant . Quand l'autre a disparu dans la
185 539 908 588 pluie , il avale son verre d'un coup puis il reste là , immobile
