1024 1393
512 143 564 192 7
953 156 972 192 8
521 365 921 412 La maison de Gondran est la derni-
182 407 888 451 ere coté de la plaine .On l'appelle Les Monges . Peut etre
181 452 875 491 parceque elle est seule et rousse comme un moine , peut-etre
181 488 922 529 parceque , dans le temps, c'était un ermitage. En effet , elle
181 527 955 567 a l'allure d'une bonne grosse maison de curé , avec ses contrefort
182 566 899 605 trapus , sa porte ronde et basse ; la maison d'un de ces curés
181 601 991 648 ~~~ moitié ruffians qui donnaient la soupe et le matelat aux ~~~
182 644 695 684 qui se dérobaient pour s'aimer tranquilles .
518 677 920 716 C'est la mieux placée des quatre .
182 716 902 761 Elle guette la route , elle voit la colline .Elle est juste au
182 759 912 796 bord de la pente qui devale vers les fonds . De sa terrasse on
183 795 922 840 apercoit tous les lacets du chemin jusqu'en bas vers X " La Clé-
183 836 343 903 mente " .
515 870 946 908 D'abors , ça a été la maison de Janet
183 910 938 950 le plus vieux des Bastides . Celui là , il est là depuis ses ~~~
185 950 935 989 trente ans . Il était monté apres avoir fait toutes les fermes de
184 985 926 1030 la plaine ; on ne l'y voulait plus : il se battait avec tous les
184 1027 934 1067 valets . Trois fois la semaine il fallait courir aux gendarmes et
184 1066 912 1106 a l'esparadrap . Sa femme est morte ici ; sa fille y a grandi .
185 1105 926 1144 Il est maintenant dans ses quatre - vingt . Droit , dur comme un
185 1143 881 1182 tronc de laurier , ses lèvres minces fendent a peine le buis
184 1179 947 1222 rasé de sa figure . Dans ses petits yeux marrons , le regard blanc
184 1220 916 1257 vole comme une mite , pur le ciel , ou il devine le temps , les
442 1216 464 1233 ~~~
185 1258 890 1308 feuillages , ou il voit la maladie a l'avance , les visages
