1024 1414
769 93 795 128 ~~~
513 86 580 136 - 22 -
285 109 368 175 ~~~
417 123 758 167 MESURE DE COURANT DANS LES GAZ IONISES.
802 154 823 187 7
296 201 831 235 ~~~ ~~~ _Type _d'appareillage-. L'intensité du courant au tra-
296 235 831 263 vers d'un gaz ionisé peut varier entre des limites considéra-
361 255 549 272 ~~~ ~~~ ~~~ ~~~
302 268 842 294 bles) et conformément à cette circonstance, des appareils ~~~
748 261 826 275 ~~~
302 293 645 324 lisés peuvent être de type différents.
337 321 824 349 Les courants transportés dans la décharge disruptive, peu
292 348 836 377 vent atteindre une grande intensité, par exemple sous la forme
300 379 842 405 d'arc électrique ~~~ on les mesurée en ce cas, avec des ampèremè-
448 346 603 387 ~~~ ~~~ ~~~
302 406 849 437 tres. Les courants d'intensité plus faibles comme ceux qui pas-
300 432 823 467 sent dans la décharge sous forme d'étiencelle, sont mesurés a
304 458 328 473 ~~~
300 463 534 489 ~~~ des milliampèremètres.
315 491 840 522 Quand la différence de potentiel utilisé est élevée, ces
292 520 744 547 appareils doivent recevoir un isolement suffisant.
333 551 840 577 Les courants que l'on peut faire passer dans un gaz ionisé
292 578 831 608 par une radiation, sans le secours de la décharge disruptive,
300 606 838 636 ont généralement une faible intensité. On peut les mesure a-
296 635 848 665 vers des galvanomètres sensibles, pour des intensités de l'ordre
589 629 664 646 ~~~
296 663 818 686 de 10 ampères ; mais, le plus souvent, on les mesure avec
788 659 848 682 ~~~
314 683 567 701 ~~~ ~~~ ~~~ ~~~ ~~~ ~~~
292 697 838 725 des dispositifs d'électrométrie qui permettent d'atteindre des
300 721 781 748 itensités entre 10 et 10 amp. et même au dessous.
333 749 830 780 Dans un dispositif électromètrique destiné à cet usage il
300 776 828 811 convient de distinguer deux parties essentielle : l'_appareil
295 808 843 840 de mesure ou électromètre, et la _chambre _d'ionisation. Ainsi que
294 837 843 866 l'indique son nom, cette dernière comprend le volume de gaz io-
294 864 842 894 nisé soumis à l'expérience. Elle se compose souvent d'un réci-
294 894 818 923 pient métallique dans lequel pénètre une électrode supportée
294 923 801 968 par un bouchon de matière isolante. Entre le récipient et
