1024 1413
479 113 577 150 - 23 bis -
794 144 816 186 9
351 177 438 235 ~~~
444 163 551 224 ~~~
585 160 643 222 ~~~
339 273 410 332 ~~~
603 294 666 340 ~~~
439 340 685 390 ~~~ ~~~
324 379 408 409 _Légende-.
287 408 818 448 Fig.(3) Chambre d'ionisation à deux plateaux A et B isolés
365 441 827 474 de la cage C par les bouchons isolants a et b . Le
366 472 834 502 plateau A est relié à l'électromètre, dont le poten-
365 499 827 531 tiel diffère peu de celui du sol. Le plateau B est
365 528 833 561 relié à l'un des pôle d'une batterie d'accumulateurs,
366 558 834 588 dont l'autre pôle est relié au sol, d'où une différen-
365 585 816 619 ce de potentiel ~~~ entre les électrodes A et B .
364 615 842 646 L'ionisation est obtenue par les rayons d'une substance
364 642 818 675 radioactive portée par un plateau que l'on superpose
364 673 834 702 au plateau B . Le même appareil peut être utilisé en
364 699 856 732 reliant le plateau B au sol et le plateau A à l'élec-
362 730 838 760 trode isolée d'un électroscope dont la cage est au sol.
285 755 827 792 Fig.(4) Chambre d'ionisation dont les deux électrodes sont la
362 785 834 818 boîte B reliée à la batterie de charge et le plateau
362 816 840 846 A relié à l'électromètre. Le bouchon isolant est muni
362 846 833 874 d'un anneau de garde g relié au sol, ayant pour mis-
362 873 841 901 sion d'empêcher toute conduction directe par la surface
361 903 837 932 de l'isolant entre l'électrode A et le récipient B .
361 931 840 978 L'ionisation est produite par une substance radioactive
