2480 3302
2207 126 2290 198 7.
773 418 2235 495 Elle avait dansé quelques-unes des danses de sa
594 531 2292 599 tribu : la dansé du Soleil , qui était une danse verti-
594 632 2174 712 gineuse , la danse de la Lune , qui était une danse
597 734 2174 811 mesurée , la danse de la mort , qui était une danse
600 839 2204 927 immobile . Mais , elle n'avait pas dansé la danse de
600 949 897 1023 l'Amour .
776 1034 2179 1122 Le Soleil avec son cortège de joies , la Lune
602 1147 2182 1227 avec son cortège de mélancolies , et la Mort , avec
602 1249 2235 1342 son cortège de douleurs , avaient dansé devant nous .
602 1348 2001 1441 L'Amour attendait que nous eussions jonché de
602 1452 1637 1540 roses le tapis de sa célébrante .
778 1554 2185 1631 Deux enfants étaient venus la délivrer de ses
602 1659 1932 1744 voiles . Elle avait renvoyé les musiciens .
787 1761 2248 1849 D'abord , elle dansa de ses yeux et de ses pau-
602 1862 1365 1956 pières ailées de cils .
787 1964 2279 2055 Dans la corbeille de ses paumes , sa tête pesait
608 2077 1337 2157 comme un énorme fruit .
795 2173 2193 2256 Un ravissement illumina son visage . Elle fit
608 2275 2342 2363 trois pas , le dos arqué , les mains ouvertes , dans une
611 2393 1340 2465 résolution passionée .
792 2484 2284 2572 Tout à coup , elle se redresse en me dédiant ses
611 2594 2163 2682 mains qui avaient emprisonné le parfum des roses .
