3642 4565
2195 639 3086 768 PARIS, I3 Avril I858.
1746 1065 2150 1179 Monsieur,
1023 1259 3493 1388 Vous pouvez m'envoyer la personne dont vous me parlez au su-
822 1396 3394 1521 jet de notre pauvre Meryon je l'ai disposé à la recevoir et je
822 1540 3436 1666 ferai moi, tout ce que l'on jugera nécessaire au soulagement de
822 1689 2207 1787 l'homme qui fut mon meilleur ami.
1035 1795 3470 1913 J'ai chez moi ses cuivres sur Paris, je m'occupe d'en faire
829 1924 3360 2046 des tirages pour lui faire quelque argent, nous fûmes obligés
829 2058 3402 2187 monsieur Bléry et moi de les lui arracher des mains il voulait
833 2221 1312 2316 les biffer.
1042 2324 3398 2446 Son propriétaire demande de l'argent, il doit I25 francs;
837 2449 3447 2590 s'il vous est possible de m'envoyer je lui remettrai ayant soin
841 2586 3409 2716 de prévenir le concierge de monter avec ses quittances pendant
848 2758 1529 2845 que je serais là.
1050 2856 3413 2978 Si vous avez des nouvelles de ce qui l'intéresse veuillez
844 3024 1701 3134 me les faire savoir.
1054 3127 3329 3260 Pressé par mes affaires je cesse notre petit entretien.
1994 3282 2477 3370 Tout à vous
1430 3408 2081 3534 Salut fraternel
1716 3541 2275 3743 Aug. DELATRE.
2968 4287 3204 4397 D04631
