3642 4565
2195 639 891 129 PARIS, 13 Avril I858.

1746 1065 404 114 Monsieur,

1023 1259 2470 129 Vous pouvez m'envoyer la personne dont vous me parlez au su-

822 1396 2572 125 jet de notre pauvre Meryon je l'ai disposé à la recevoir et je

822 1540 2614 126 ferai moi, tout ce que l'on jugera nécessaire au soulagement de

822 1689 1385 98 l'homme qui fut mon meilleur ami.

1035 1795 2435 118 J'ai chez moi ses cuivres sur Paris, je m'occupe d'en faire

829 1924 2531 122 des tirages pour lui faire quelque argent, nous fûmes obligés

829 2058 2573 129 monsieur Bléry et moi de les lui arracher des mains il voulait

833 2221 479 95 les biffer.

1042 2324 2356 122 Son propriétaire demande de l'argent, il doit 125 francs;

837 2449 2610 141 s'il vous est possible de m'envoyer je lui remettrai ayant soin

841 2586 2568 130 de prévenir le concierge de monter avec ses quittances pendant

848 2758 681 87 que je serais là.

1050 2856 2363 122 Si vous avez des nouvelles de ce qui l'intéresse veuillez

844 3024 857 110 me les faire savoir.

1054 3127 2275 133 Pressé par mes affaires je cesse notre petit entretien.

1994 3282 483 88 Tout à vous

1430 3408 651 126 Salut fraternel

1716 3541 559 202 Aug. DELATRE.

2968 4287 236 110 D04631
