2479 3508
1029 207 1268 321 - 52 -
248 415 1426 552 avec les débris des constructions.
418 637 2376 762 Le plus triste spectacle pour nous fut celui qu'offrirent
248 762 2341 879 les ruines de notre ville des "Conifères", d'où s'échappèrent
248 877 1496 985 à notre arrivée de sinistres hiboux.
418 1084 2370 1207 Mais les bosquets étaient pleins de chant d'oiseaux plus
248 1198 2426 1327 aimable et la nature printanière s'associa nt avec nos espoirs,
245 1312 2312 1490 nous promettait une renouveau qui, on le sait, ne tarda pas à
245 1426 686 1552 se produire.
