2479 3508
1084 195 1277 292 - 7 -
242 394 2286 523 plus loin vers la capitale qu'on proégerait peut-être et, en
245 526 2253 637 tout cas, où l'on serait perdu dans une vaste population et
245 640 1376 739 accueilli chez nos beau-parents.
412 844 2359 970 Cette fois, la décision fut vite prise et l'on put encore
245 976 2385 1081 attraper le dernier train quittant Louvain vers Bruxelles. Nous
248 1084 2359 1192 nous y entassâmes après avoir causé avec notre cousin, l'ingé-
245 1198 2394 1297 nieur Verdeyen qui, la mort dans l'âme, procédait à la destruc-
248 1306 2391 1409 tion du système des voies et signaux de la gare de Louvain, ré-
248 1414 1414 1514 cemment électrifié avec grand art.
418 1619 2288 1724 Ce fut notre premier pas vers cet ouest qui devait nous
248 1739 2394 1835 attrier toujours plus loin jusqu'au Pacifique. L'arrivée à Bru-
245 1847 2359 1944 xelles où nous trouvâmes un toit dans la maison de nos cousins
248 1955 2262 2058 Verdeyen, alors en séjour à la mer, commença par un certain
248 2058 2353 2163 sentiment de soulagement. Mais, ce ne fut que de courte durée.
248 2166 2329 2271 Le lendemain déjà la cacalerie prussienne traversait la capi-
254 2286 2326 2379 tale excitant plus curiosité que de dépit parmi les foules
251 2388 2423 2496 résignés qui la regardaient défiler. Aucun applaudissemment, na-
254 2511 2326 2619 turellement, sauf, hélas ! de la part de nos sottes servantes
248 2619 2423 2730 hallandaises. Ignorant la rapidité de l'avance de l'ennemi, nous
254 2736 2400 2838 avions songé un instant à partir vers le littoral. Nous nous é-
254 2847 2400 2946 tions placés dans un train qui, de fait, s'ébranla en direction
254 2955 2370 3051 de Tournai, mais à Ruisbroeck, il s'arrêta longuement et finit
254 3063 2332 3215 par rebrousser chemin vers Bruxelles. Les uhlans avaient déjà
