1820 2794
981 456 1430 544 8 janvier I949
748 603 976 696 _NOTE
561 773 1638 852 On me signale que vous avez, à plu-
410 852 1640 926 sieurs reprises, prêté votre concours en
410 926 1719 1010 province sans autorisation de la Direction.
563 1029 1666 1108 Je vous rappelle les dispositions de
407 1101 1638 1180 votre contrat et les notes que j'ai fait
407 1173 1640 1257 paraître à plusieurs reprises au tableau
405 1245 1640 1331 de service. Toute demande d'autorisation
403 1322 1605 1408 doit être établie régulièrement sur les
407 1399 1111 1478 imprimés de la REUNION.
556 1476 1722 1559 L'artiste qui s'absente, même autorisé
403 1552 1633 1629 pour des fins personnelles, ne pouvant à
400 1629 1717 1708 la fois bénéficier d'un cachet en province
400 1702 1531 1781 et de ses appointements à la REUNION.
554 1781 1715 1862 Je vous prie de me donner une explica-
400 1846 1111 2016 tion écrite à ce sujet.
386 2328 869 2414 Monsieur CAMBOM
