512 708
73 362 491 384 Le manège tourne lentement ou au 1xième de tour toutes les x secondes.
73 378 452 398 Les caméras C iront cueillir l'image de la tête du spectateur S
73 394 452 415 que sera immédiatement rediffusée sur un moniteur M qu'UN AUTRE
72 408 214 426 SPECTATEUR pourra voir.
72 421 444 443 Ce spectateur-voyeur S' se trouvera lui-même dans le même cas,
72 438 464 459 C' diffuse en M' devant un spectateur S" filmé par C" diffusé par
72 453 174 473 M" devant... etc
72 469 475 492 L'image sera à priori manipulée (déréglage de lignes, etc..., "voir
72 487 488 506 l'autre dans un miroir déformant"...)prêtant ainsi à des commentaires
72 502 363 520 de la part de S' qui voit S, S' vu par S", etc...
71 516 439 536 Les commentaires seront recueillis par un micro placé près du
70 531 480 554 moniteur, commentaires rediffusés devant un autre "regardeur-commen-
72 547 164 562 tateur", etc...
71 559 480 582 Une musique sera diffusée en permanence, musique de L.Landy composée
70 575 229 592 à partir "d'airs de foire"
70 588 438 610 Sur tout le fronton du Manège une citation de R.D. Laing sera
70 604 467 625 calligraphiée : "l'étude de l'expérience des autres est fondée sur
71 620 438 638 les déductions que je tire, à partir de mon jugement sur vous
70 635 444 658 qui me jugez, de votre manière de me regarder en train de vous
70 650 292 672 regarder me regardant, etc... etc..."
