1024 1330
499 45 580 87 ( 1 )
384 103 710 147 CAPUCIN SANS LE VOULOIR.
465 224 639 261 Scène comique
459 321 590 355 I Tableau
206 372 822 414 Devant la boutique d'un charbonnier marchand de vin.
207 434 989 471 Tandis que le charbonnier ( Jean-pierre ) fend du boi, un super -
144 475 986 513 be gendarme passe frisant sa moustache d'un air séducteur devant Jean -
144 514 954 549 nette , la femme du charonnier. Quelques jeunes gens à l'air farceur
145 553 941 588 viennent entrer en pourparler avec Jean-Pierre, celui-ci leur fait
144 590 951 627 déguster de son vin . Ils en font remplir deux paniers de six litres
144 627 1010 669 et lui donnent une adresse - Ils s'éloignent - Jean-pierre prévient sa f~~~
143 667 975 706 femme qu'il va porter la commande, et après avoir relu l'adresse, part
143 703 951 747 avec ses paniers - Après son départ, le beau gendarme entre auprès
143 743 305 774 de Jeannette.
459 840 595 878 II Tableau
198 895 348 932 Une chambre.
199 950 981 995 Les jeunes gens sont réunis autour de la table fumant et causant -
138 988 958 1034 Entre Jean-Pierre avec sa commande, il la remet, en reçoit le prix et
138 1029 968 1071 va sortir - On l'invite à boire un coup - Il accepte - On lui en verse
137 1068 935 1111 deux, trois, quatre, avalés coup sur coup - Il veut partir, ne peut
136 1110 979 1150 plus atteindre la porte - Il revient tendre lui-même son verre, il boit
136 1148 999 1192 et tombe endormi - Les jeunes gens alors lui rasent le sommet de la tête,
136 1191 919 1243 en tonsure de Saint - François, lui passe une robe de Cordelier et
