1024 1331
931 28 989 67 021
132 84 377 120 Monsieur Serge Klock
134 116 387 144 79 bis, Avenue Marthe
134 137 281 159 La Madeleine
633 106 879 153 le 18 Septembre 1971
133 154 481 198 54 -LANEUVEVILLE devant NANCY
634 236 877 267 François LE LIONNAIS
636 265 889 287 23, Route de la Reine
634 285 899 326 92 -BOULOGNE-sur-Seine
177 428 289 464 Monsieur,
177 514 604 549 16 Septembre et je vous en remercie.
307 485 890 524 J'ai lu avec le plus grand plaisir votre lettre du
178 578 888 603 me cycle sur le Collège et l'Oulipo. J'ai pu rencontrer Ray-
309 552 887 585 Il est exact que je prépare une thèse de troisiè-
179 602 877 625 mon Queneau à ce sujet et correspondre-grâces à lui!- avec
178 622 887 652 Monsieur Fournel qui a bien voulu m'envoyer un exemplaire de
178 643 569 671 son manuscrit concernant la Lipo.
178 704 899 730 dateur même est le Président de l'Ouvroir, aussi je prends bon
307 681 888 708 Je serais extrêmement heureux de connaître le fon
178 727 876 750 ne note de votre proposition et vous remercie pour cette in
178 747 877 773 vitation. J'espère venir à Paris en Octobre prochain, je ne
178 768 755 805 manquerai pas de vous contacter à cette occasion.
177 830 545 871 à mes sentiments les meilleurs.
306 803 931 840 Dans cette attente, je vous prie de croire, Monsieur,
656 913 763 977 S. KLOCK
702 847 783 922 ~~~
