1024 1358
701 33 746 75 156
239 67 468 105 Ulalie est revenue .
240 105 590 141 C'était dans les midi et demi .
240 138 737 179 Avant de rentrer a la maison elle a raclé sa
240 178 758 219 bèche , soigneusement , avec une petite pierre
241 218 626 256 plate pour faire tomber la terre .
242 250 770 294 Jaume est à table , seul , devant une assiettée
242 293 584 327 de jambon et un litre de vin .
242 325 737 365 Elle va au coin des outils , pose sa bèche ,
243 363 757 404 essuie ses mains a son tablier , se retourne .
243 401 710 439 Elle a sa figure de tous les jours Il y a
244 437 731 476 seulement sa lèvre du dessus qui déborde un
244 475 687 517 peu plus sa lèvre du dessous ; sa mince
244 516 543 549 bouche est toute effacée .
314 510 347 527 ~~~
246 551 609 590 - Y a pas de soupe , dit Jaume ?
248 590 587 625 - Non , j'ai pas eu le temps .
246 621 756 668 Elle s'assied pres de la table , les mains au
246 663 541 714 genoux , sans rien dire .
250 717 479 761 - Tu ne manges pas ?
250 760 447 798 - J'ai pas faim .
