1024 1358
894 35 941 86 160
272 116 817 153 Cette femme me dit : nous avons encore du poulet.
272 156 809 188 Je lui dis : apporte le poulet et je et je riais
272 190 896 230 je lui dit apporte le poulet cette femme me dit apporte
271 233 756 263 le poulet les autres le ventre leur pétait
271 267 876 306 puis sonpetis oeil d'acier se tourne vers les marmites
272 303 677 346 c'est défendu de se reposer chez toi
