1024 1419
453 125 497 189 I47
857 132 910 202 ~~~
935 130 989 198 146
279 186 981 235 vient un bruit de vaisselle et le chant sucré d'une berceuse
279 229 404 264 d'enfant .
278 266 963 320 - Aphrodis envoi sa petite a Pertuis , chez sa grand-mère,
278 307 630 346 pour lui faire changer d'air .
278 344 604 387 - Ca à l'air de mieux aller.
277 383 561 444 - Oui , comme le reste .
274 496 951 547 - Ah , tu sais , nous gardons le chat . L'est bien brave .
273 541 987 592 Cest une bonne bestiole ; elle attrape les rates , faut voir
273 580 326 614 ça .
272 618 833 665 Tu commences pas encore a labourer , Alexandre ?
272 659 396 691 - Demain .
269 695 926 741 L'odeur metallique de cresson fume des ruisselets que la
271 737 926 776 fontaine emplit . La fontaine chante une longue mélopée
269 774 994 821 qui parle de pierres froides et d'ombres . L'abreuvoir vivante
268 814 382 854 palpite .
499 853 982 899 Soudain Jaume se baisse et pose son verre
268 886 436 929 dans l'herbe .
269 929 668 970 - Regardes , dit il a voix basse .
267 969 925 1019 Sur la pente , vers le désert une forme noire bouge . Un
267 1012 390 1045 sanglier .
267 1042 542 1087 - Ah l'enfant de pute .
265 1084 987 1131 Déja Jaume a pris le fusil et l'épaule . Il vise a deux fois ,
266 1130 989 1171 posément , avec la volonté de tuer . Le coup déchire les bruit
266 1169 745 1209 familiers de la fontaine et des maisons .
267 1210 400 1245 - Il en a .
265 1242 685 1287 - Oh , oh , crie Arbaud des champs .
265 1285 674 1323 - Oh , crie Aaurras de l'olivette .
