1024 1409
284 103 429 150 ~~~ ~~~
575 118 618 150 - 1 -
419 123 543 193 ~~~
560 146 667 177 INTRODUCTION
830 153 846 178 1
366 216 853 248 Ce livre est l'exposé de leçons professées à la Sorbonne
333 248 853 275 pendant plusieurs années et modifiées chaque année de maniè-
332 277 864 306 re à tenir compte des progrès essentiels de la science. Bien
333 307 864 331 que ces progrès doivent sans aucun doute poursuivre leur évo-
334 348 782 369 ~~~ ~~~ ~~~ ~~~ ~~~ ~~~ ~~~ ~~~ ~~~ ~~~
337 334 849 367 lution, il paraît possible de résumer la plupart des connais
504 327 782 344 ~~~ ~~~ ~~~ ~~~ ~~~ ~~~
333 366 865 389 sances principales dans le domains considéré, sous une forme
331 394 864 416 devenue classique et ne pouvant subit en un temps prochain de
558 421 863 446 Tel est le but de cet ouvrage des-
333 450 857 474 tiné à ceux qui désirent se familiariser avec les sujets qui
331 476 840 507 y sont traités, non pas dans leurs détails, mais seulement
333 506 582 531 dans leurs lignes générales.
690 506 778 538 ~~~ ~~~
360 530 868 563 La première partie de ces leçons comporte ~~~ étude des ions
553 557 574 572 ~~~
795 555 849 571 ~~~
332 563 865 591 formés dans les gaz,ainsi que celle des électrons,puis cel-
535 583 581 601 ~~~
332 591 866 621 le des rayons qui sont ~~~ quand les gaz, sous faible densi-
335 621 888 651 té, sont traversés par un courant électrique. La deuxième par
349 642 457 659 ~~~ ~~~
339 650 860 685 tie comporte l'étude des radioéléments et des rayons qu'ils
334 684 421 706 émettent.
368 705 844 740 Cette association n'est point fortuite ; elle est moti
520 731 635 745 ~~~
335 739 852 765 vée par l'analogie extrêmement étroite qui existe entre les
335 767 845 794 radiations des corps radioactifs et celles qui sont émises
335 793 886 820 lors du passage du courant dans les gaz raréfiés, analogie qui
325 827 873 853 est mise en évidence d'une manière de plus en plus complète,
333 853 877 882 ç mesure que s'étend la documentation expérimentale. Il n'est
335 881 860 906 pas douteux aujourd'hui qu'il n'existe aucune différence es-
342 907 852 940 sentielle de nature entre les rayons émis dans les deux cas
356 933 735 946 ~~~ ~~~ ~~~ ~~~ ~~~ ~~~ ~~~ ~~~
339 944 844 1019 considérés , seul, le mode de production se présente d'une
