3337 4935
1415 168 1654 242 - 34 -
1349 760 1732 867 _CONCLUSION
950 1007 3061 1118 L’année 1984 a été marquée pour la Bibliothèque Nationale par
604 1118 3151 1221 plusieurs modifications dont les effets ne se sont pas encore fait sentir.
608 1225 3164 1336 La complexité, le poids des activités, l’ampleur des traditions font appa-
617 1332 3032 1431 raître l’inertie considérable du système. Et ce n'est trop souvent que
613 1431 3061 1529 par des mesures limitées, parfois brusques que l’ensemble peut, non pas
617 1529 2999 1636 évoluer, mais simplement prendre en compte des priorités ou certaines
617 1628 3003 1739 contraintes. Significatives a cet égard sont les mesures de fermeture
621 1727 3135 1842 temporaire de certains secteurs de la bibliothèque, faute d’autres moyens
621 1838 3061 1941 pour assurer les moyens en personnel nécessaires pour l’automatisation.
621 1928 3201 2035 De même, si la communication s’est améliorée au long de l’année, ses condi-
625 2031 3098 2146 tions sont restées fragiles et le problème du samedi n’a pas été résolu.
621 2134 3197 2245 Moyens globaux et souplesse de fonctionnement manquent parfois cruellement.
625 2237 3147 2348 Il convient d’espérer que la mesure de mise "hors-gel" de la Bibliothèque
625 2340 3172 2479 Nationale permettra de corriger en 1985 une partie des difficultés rencon-
633 2463 1131 2566 trées en 1984.
670 4671 929 4799 BNR 85 103 C
