3307 4935
1287 242 1476 329 - 7 -
740 514 1587 637 _B) _protection _initiale :
744 711 2928 801 Ces travaux de protection (reliure, doublage, désinfection) sur
579 818 2792 908 les acquisitions récentes ont pu être menés cette année de façon
575 925 2858 1007 à peu près satisfaisante, y compris dans le cas du département des
575 1024 3014 1106 imprimés dont les besoins sont beaucoup plus considérables qu'ailleurs.
571 1126 3093 1209 L'atelier du département des Périodiques et l'annexe de la rue Montbauron
575 1225 2928 1311 à Versailles ont procédé au doublage de 32 192 feuillets, désinfecté
579 1332 2998 1422 60m3 de collection, relié 5412 volumes, monté sur onglets 5751 numéros
579 1435 2862 1521 du Journal officiel. Si les crédits n'ont pas augmenté par rapport
575 1538 2928 1616 à l'an passé, ils ont néanmoins permis de faire face aux principales
579 1636 2862 1719 nécessités. Les départements spécialisés ont pu également procéder
575 1739 2932 1817 à la reliure de leurs ouvrages et à l'acquisition du matériel annexe
579 1834 3130 1932 de conservation (boitiers, étuis, plaques d'altuglass...). La Bibliothèque
579 1945 2866 2023 de l'Arsenal a commencé, elle aussi, à résorber son retard dans le
579 2043 2998 2126 domaine de la reliure, tandis que le département des Arts du spectacle
575 2146 2825 2224 a réalisé de manière satisfaisante l'entoilage de ses collections
575 2245 2961 2331 d'affiches et la reliure de ses ouvrages. Enfin le nombre des volumes
579 2348 2796 2430 reliés cette année au département des Imprimés est passé de 6616
579 2446 2796 2553 à 7672, en dépit de la défection d'un certain nombre de relieurs
579 2553 2615 2677 extérieurs. Le bilan est donc satisfaisant sur ce chapitre.
2599 4614 2833 4733 .../...
