<?xml version="1.0" encoding="UTF-8"?>
<alto xmlns:xsi="http://www.w3.org/2001/XMLSchema-instance"
      xmlns="http://www.loc.gov/standards/alto/ns-v4#"
      xsi:schemaLocation="http://www.loc.gov/standards/alto/ns-v4# http://www.loc.gov/standards/alto/v4/alto-4-2.xsd">
  <Description>
    <MeasurementUnit>pixel</MeasurementUnit>
    <sourceImageInformation>
      <fileName>2020601_https___1914_1918_europeana_eu_contributions_8467.jpeg</fileName>
      
    </sourceImageInformation>
  </Description>
  
  <Tags>
    <OtherTag ID="BT10358" LABEL="TableZone" DESCRIPTION="block type TableZone"/><OtherTag ID="BT10357" LABEL="MarginTextZone" DESCRIPTION="block type MarginTextZone"/><OtherTag ID="BT10356" LABEL="NumberingZone" DESCRIPTION="block type NumberingZone"/><OtherTag ID="BT10355" LABEL="GraphicZone" DESCRIPTION="block type GraphicZone"/><OtherTag ID="BT10354" LABEL="StampZone" DESCRIPTION="block type StampZone"/><OtherTag ID="BT10353" LABEL="MainZone" DESCRIPTION="block type MainZone"/>
    <OtherTag ID="LT4055" LABEL="DefaultLine:Print" DESCRIPTION="line type DefaultLine:Print"/><OtherTag ID="LT4057" LABEL="DefaultLine:Typewritten" DESCRIPTION="line type DefaultLine:Typewritten"/><OtherTag ID="LT4056" LABEL="DefaultLine:Handwritten" DESCRIPTION="line type DefaultLine:Handwritten"/>
  </Tags>
  
  <Layout>
    <Page WIDTH="4196"
          HEIGHT="2702"
          PHYSICAL_IMG_NR="6"
          ID="eSc_dummypage_">
      <PrintSpace HPOS="0"
                  VPOS="0"
                  WIDTH="4196"
                  HEIGHT="2702">
        
        <TextBlock HPOS="2316"
                   VPOS="478"
                   WIDTH="1532"
                   HEIGHT="1851"
                   ID="eSc_textblock_317fec44"
                   TAGREFS="BT10353">
          <Shape><Polygon POINTS="2316 478 2316 2329 3848 2329 3848 478"/></Shape>
          
          
          <TextLine ID="eSc_line_5f3e5b7f"
                    TAGREFS="LT4057"
                    BASELINE="2833 569 3031 569" 
                    HPOS="2833"
                    VPOS="531"
                    WIDTH="198"
                    HEIGHT="52">
            <Shape><Polygon POINTS="2833 569 2837 540 2869 531 2977 531 2991 544 3027 544 3031 569 3022 583 2837 580"/></Shape>
	    <String CONTENT="_TURGOT."
                    HPOS="2833"
                    VPOS="531"
                    WIDTH="198"
                    HEIGHT="52"></String>
          </TextLine>

          
          
          <TextLine ID="eSc_line_89f3aa89"
                    TAGREFS="LT4057"
                    BASELINE="3200 600 3634 598" 
                    HPOS="3198"
                    VPOS="549"
                    WIDTH="434"
                    HEIGHT="76">
            <Shape><Polygon POINTS="3198 598 3200 558 3274 565 3297 551 3353 565 3380 562 3394 549 3448 549 3477 565 3513 565 3531 549 3567 562 3626 565 3632 596 3623 621 3574 612 3558 625 3200 612"/></Shape>
	    <String CONTENT="_Lundi _17 _Août _1914 ."
                    HPOS="3198"
                    VPOS="549"
                    WIDTH="434"
                    HEIGHT="76"></String>
          </TextLine>

          
          
          <TextLine ID="eSc_line_bf96dcde"
                    TAGREFS="LT4057"
                    BASELINE="2527 674 3777 668" 
                    HPOS="2524"
                    VPOS="616"
                    WIDTH="1250"
                    HEIGHT="77">
            <Shape><Polygon POINTS="2524 673 2527 639 2601 639 2646 619 2713 619 2725 630 2745 619 2781 634 2810 619 2914 619 2941 630 3009 616 3036 632 3092 616 3130 625 3144 616 3155 625 3193 616 3214 634 3256 637 3326 637 3367 616 3389 634 3427 625 3464 634 3581 634 3605 616 3628 634 3768 634 3774 666 3768 682 3716 689 3705 680 3686 689 3668 680 3632 689 3549 689 3533 680 3502 689 3466 680 3396 689 3378 680 3355 691 3328 682 3315 691 2995 682 2979 691 2903 684 2878 693 2864 684 2837 693 2813 684 2799 693 2756 684 2723 693 2626 693 2599 684 2572 693 2563 684 2527 684"/></Shape>
	    <String CONTENT="Le Comité de l&#x27;Association a été convoqué extraordinai-"
                    HPOS="2524"
                    VPOS="616"
                    WIDTH="1250"
                    HEIGHT="77"></String>
          </TextLine>

          
          
          <TextLine ID="eSc_line_e4ec4852"
                    TAGREFS="LT4057"
                    BASELINE="2398 754 3779 738" 
                    HPOS="2398"
                    VPOS="695"
                    WIDTH="1381"
                    HEIGHT="81">
            <Shape><Polygon POINTS="2398 754 2409 709 2491 709 2518 722 2536 709 2605 720 2659 711 2680 718 2711 707 2750 720 2790 704 2835 718 2855 709 2864 718 2986 718 3045 707 3099 716 3132 702 3171 716 3220 704 3304 713 3315 704 3398 698 3454 711 3540 711 3565 700 3594 709 3614 695 3630 709 3772 709 3779 738 3772 763 3698 754 3610 763 3601 754 3527 765 3486 754 3452 765 3439 754 3382 752 3351 767 3335 756 3292 767 3229 767 3207 756 3171 770 3114 756 2988 756 2952 772 2851 772 2815 758 2765 774 2720 761 2648 761 2637 770 2572 763 2518 776 2488 765 2459 776 2436 763 2403 763"/></Shape>
	    <String CONTENT="rement, sur l&#x27;avis du camarade Scheffer, Président de la Com-"
                    HPOS="2398"
                    VPOS="695"
                    WIDTH="1381"
                    HEIGHT="81"></String>
          </TextLine>

          
          
          <TextLine ID="eSc_line_26fff57f"
                    TAGREFS="LT4057"
                    BASELINE="2396 826 2889 821" 
                    HPOS="2396"
                    VPOS="783"
                    WIDTH="493"
                    HEIGHT="65">
            <Shape><Polygon POINTS="2396 826 2398 792 2427 788 2554 794 2563 785 2572 794 2592 785 2693 792 2713 783 2759 783 2772 792 2876 783 2889 821 2882 844 2846 833 2824 846 2774 846 2752 833 2718 833 2686 846 2655 833 2639 848 2605 848 2590 835 2536 848 2398 839"/></Shape>
	    <String CONTENT="mission d&#x27;assistance."
                    HPOS="2396"
                    VPOS="783"
                    WIDTH="493"
                    HEIGHT="65"></String>
          </TextLine>

          
          
          <TextLine ID="eSc_line_50d338f3"
                    TAGREFS="LT4057"
                    BASELINE="2564 897 3777 889" 
                    HPOS="2563"
                    VPOS="855"
                    WIDTH="1211"
                    HEIGHT="65">
            <Shape><Polygon POINTS="2563 896 2565 860 2581 869 2659 869 2668 860 2846 869 2862 857 2896 866 2927 857 2945 866 2984 857 3004 866 3060 866 3069 857 3078 866 3117 857 3164 866 3211 855 3299 864 3358 855 3729 857 3768 862 3774 887 3752 905 3720 898 3705 909 3680 898 3671 907 3653 896 3635 905 3617 896 3576 914 3491 914 3475 898 3425 898 3400 916 3229 916 3198 907 3150 918 3135 902 3051 900 3013 918 2959 900 2896 900 2878 918 2828 902 2790 902 2770 916 2736 905 2720 918 2700 907 2659 920 2632 902 2590 902 2565 918"/></Shape>
	    <String CONTENT="Convocation motivée par une demande d&#x27;un de nos camara-"
                    HPOS="2563"
                    VPOS="855"
                    WIDTH="1211"
                    HEIGHT="65"></String>
          </TextLine>

          
          
          <TextLine ID="eSc_line_1e1b2e46"
                    TAGREFS="LT4057"
                    BASELINE="2403 972 3783 963" 
                    HPOS="2403"
                    VPOS="925"
                    WIDTH="1380"
                    HEIGHT="72">
            <Shape><Polygon POINTS="2403 972 2405 943 2470 932 2513 932 2524 943 2632 943 2648 932 2747 943 2860 929 2900 941 2984 941 3000 929 3078 941 3094 927 3126 938 3146 938 3157 927 3177 938 3216 938 3227 929 3247 938 3261 927 3380 938 3450 925 3468 936 3506 925 3558 934 3587 927 3603 936 3677 925 3705 934 3727 925 3745 936 3774 925 3783 963 3774 990 3741 981 3727 990 3682 990 3655 979 3610 990 3599 979 3560 977 3513 988 3500 974 3439 974 3418 992 3400 977 3360 988 3328 979 3308 992 3243 992 3229 979 3198 992 3150 977 3092 995 2950 995 2916 979 2896 992 2864 990 2853 979 2750 979 2718 992 2693 992 2682 981 2619 981 2603 992 2439 997 2405 981"/></Shape>
	    <String CONTENT="des Lajor 1894, mobilisé, laissant sa femme malade, son vieux"
                    HPOS="2403"
                    VPOS="925"
                    WIDTH="1380"
                    HEIGHT="72"></String>
          </TextLine>

          
          
          <TextLine ID="eSc_line_f73d44d0"
                    TAGREFS="LT4057"
                    BASELINE="2400 1051 3788 1035" 
                    HPOS="2400"
                    VPOS="997"
                    WIDTH="1388"
                    HEIGHT="74">
            <Shape><Polygon POINTS="2400 1051 2403 1017 2418 1008 2500 1015 2641 1006 2662 1017 2707 1006 2741 1017 2786 1015 2795 1006 2824 1015 2925 1015 2941 1004 3020 1013 3051 1001 3173 1013 3191 1001 3211 1010 3301 1010 3322 999 3364 999 3391 1010 3416 997 3459 1008 3565 1008 3574 999 3644 1006 3664 997 3673 1006 3781 1006 3788 1035 3783 1058 3657 1058 3644 1044 3619 1058 3583 1049 3549 1060 3425 1053 3313 1062 3286 1049 3225 1058 3198 1049 3141 1062 3081 1051 3065 1065 3013 1065 3000 1051 2936 1053 2909 1067 2896 1058 2880 1067 2819 1067 2786 1056 2671 1065 2599 1056 2554 1067 2531 1058 2477 1058 2468 1067 2445 1058 2405 1071"/></Shape>
	    <String CONTENT="père âgé de 72 ans et un neveu, ce camarade demandant des se-"
                    HPOS="2400"
                    VPOS="997"
                    WIDTH="1388"
                    HEIGHT="74"></String>
          </TextLine>

          
          
          <TextLine ID="eSc_line_2eab2423"
                    TAGREFS="LT4057"
                    BASELINE="2405 1121 3806 1107" 
                    HPOS="2405"
                    VPOS="1069"
                    WIDTH="1401"
                    HEIGHT="74">
            <Shape><Polygon POINTS="2405 1121 2407 1080 2475 1092 2513 1080 2623 1092 2662 1078 2695 1089 2707 1080 2752 1089 2795 1080 2817 1089 2876 1076 2887 1085 2932 1076 2973 1087 3056 1087 3069 1078 3164 1083 3173 1074 3223 1085 3281 1074 3297 1085 3319 1074 3335 1085 3371 1071 3522 1083 3540 1071 3596 1069 3637 1080 3650 1069 3680 1080 3698 1071 3799 1078 3806 1107 3799 1119 3765 1119 3745 1132 3723 1123 3650 1132 3632 1121 3596 1132 3506 1134 3486 1123 3450 1121 3434 1130 3344 1121 3333 1130 3225 1125 3214 1137 3164 1137 3146 1123 3074 1125 3060 1139 2936 1125 2891 1139 2860 1128 2813 1137 2786 1128 2646 1128 2619 1143 2486 1143 2457 1130 2441 1143 2407 1143"/></Shape>
	    <String CONTENT="cours pour tout son monde et s&#x27;engageant, s&#x27;il revient (en bon"
                    HPOS="2405"
                    VPOS="1069"
                    WIDTH="1401"
                    HEIGHT="74"></String>
          </TextLine>

          
          
          <TextLine ID="eSc_line_8e2e7dc0"
                    TAGREFS="LT4057"
                    BASELINE="2403 1197 3819 1184" 
                    HPOS="2403"
                    VPOS="1143"
                    WIDTH="1416"
                    HEIGHT="84">
            <Shape><Polygon POINTS="2403 1197 2405 1152 2518 1152 2529 1164 2545 1152 2574 1166 2619 1157 2639 1166 2662 1150 2695 1161 2732 1152 2759 1164 2826 1161 2858 1150 2876 1164 2905 1161 2918 1148 2952 1161 3056 1161 3069 1148 3114 1146 3135 1159 3162 1146 3232 1148 3243 1159 3295 1150 3313 1159 3335 1146 3369 1157 3405 1148 3418 1157 3470 1157 3486 1143 3522 1143 3563 1157 3576 1146 3599 1155 3695 1155 3729 1143 3743 1155 3808 1150 3819 1184 3813 1215 3745 1211 3734 1202 3711 1215 3655 1215 3626 1200 3585 1200 3524 1218 3475 1202 3452 1218 3367 1218 3322 1204 3301 1220 3238 1209 3223 1220 3119 1220 3101 1206 3060 1206 3033 1220 3004 1211 2959 1220 2941 1211 2916 1222 2876 1206 2817 1215 2745 1209 2702 1224 2664 1224 2632 1211 2563 1211 2551 1222 2497 1213 2475 1227 2407 1222"/></Shape>
	    <String CONTENT="état) à considérer comme un prêt, les secours qu&#x27;il aura obte-"
                    HPOS="2403"
                    VPOS="1143"
                    WIDTH="1416"
                    HEIGHT="84"></String>
          </TextLine>

          
          
          <TextLine ID="eSc_line_13092d35"
                    TAGREFS="LT4057"
                    BASELINE="2403 1265 2896 1269" 
                    HPOS="2403"
                    VPOS="1224"
                    WIDTH="493"
                    HEIGHT="75">
            <Shape><Polygon POINTS="2403 1265 2405 1236 2414 1233 2540 1236 2556 1224 2567 1233 2621 1233 2648 1224 2675 1233 2713 1227 2745 1238 2783 1227 2885 1233 2896 1269 2889 1299 2828 1287 2750 1296 2736 1287 2648 1285 2630 1296 2495 1296 2484 1287 2421 1296 2405 1287"/></Shape>
	    <String CONTENT="nus de l&#x27;Association."
                    HPOS="2403"
                    VPOS="1224"
                    WIDTH="493"
                    HEIGHT="75"></String>
          </TextLine>

          
          
          <TextLine ID="eSc_line_8f69b119"
                    TAGREFS="LT4057"
                    BASELINE="2537 1340 3792 1335" 
                    HPOS="2536"
                    VPOS="1290"
                    WIDTH="1254"
                    HEIGHT="72">
            <Shape><Polygon POINTS="2536 1339 2538 1310 2563 1299 2587 1310 2628 1310 2664 1294 2716 1310 2752 1301 2774 1310 2932 1310 2941 1301 3000 1308 3045 1292 3078 1292 3114 1308 3153 1308 3173 1296 3207 1301 3216 1292 3308 1292 3367 1308 3389 1305 3405 1290 3464 1290 3475 1301 3563 1292 3581 1303 3608 1294 3628 1305 3668 1292 3714 1299 3736 1290 3756 1299 3781 1290 3790 1332 3786 1344 3743 1344 3716 1355 3650 1346 3581 1355 3549 1344 3504 1357 3448 1357 3432 1346 3398 1353 3371 1344 3335 1357 3277 1348 3265 1360 3162 1360 3141 1348 3074 1357 3029 1346 2952 1351 2939 1360 2810 1348 2788 1362 2732 1362 2700 1348 2686 1362 2668 1353 2540 1362"/></Shape>
	    <String CONTENT="Sur avis émis par nos bons camarades, cette demande, la"
                    HPOS="2536"
                    VPOS="1290"
                    WIDTH="1254"
                    HEIGHT="72"></String>
          </TextLine>

          
          
          <TextLine ID="eSc_line_ae47576d"
                    TAGREFS="LT4057"
                    BASELINE="2405 1420 3745 1407" 
                    HPOS="2405"
                    VPOS="1371"
                    WIDTH="1340"
                    HEIGHT="81">
            <Shape><Polygon POINTS="2405 1420 2407 1382 2448 1389 2545 1380 2554 1389 2605 1389 2628 1378 2846 1387 2867 1378 2952 1384 2961 1375 2977 1384 3042 1384 3051 1375 3108 1382 3132 1373 3173 1382 3182 1373 3238 1373 3268 1382 3315 1371 3346 1380 3711 1371 3738 1378 3745 1407 3741 1432 3684 1420 3650 1438 3612 1441 3599 1434 3506 1443 3484 1432 3445 1432 3434 1443 3409 1443 3391 1429 3315 1438 3304 1427 3277 1443 3234 1445 3218 1436 3193 1445 3155 1434 3135 1443 3114 1425 3076 1425 3027 1429 3002 1447 2837 1441 2774 1450 2754 1432 2743 1443 2725 1429 2628 1429 2565 1432 2524 1452 2511 1441 2470 1447 2459 1436 2409 1452"/></Shape>
	    <String CONTENT="première en date, va en amener d&#x27;autres. Que convient-il de"
                    HPOS="2405"
                    VPOS="1371"
                    WIDTH="1340"
                    HEIGHT="81"></String>
          </TextLine>

          
          
          <TextLine ID="eSc_line_0d7e24cd"
                    TAGREFS="LT4057"
                    BASELINE="2418 1495 2563 1495" 
                    HPOS="2416"
                    VPOS="1452"
                    WIDTH="140"
                    HEIGHT="76">
            <Shape><Polygon POINTS="2416 1492 2423 1452 2450 1461 2477 1452 2486 1461 2524 1452 2556 1461 2556 1517 2513 1508 2493 1522 2477 1515 2457 1528 2421 1528"/></Shape>
	    <String CONTENT="faire?"
                    HPOS="2416"
                    VPOS="1452"
                    WIDTH="140"
                    HEIGHT="76"></String>
          </TextLine>

          
          
          <TextLine ID="eSc_line_c99d5ad0"
                    TAGREFS="LT4057"
                    BASELINE="2545 1567 3795 1555" 
                    HPOS="2545"
                    VPOS="1513"
                    WIDTH="1250"
                    HEIGHT="65">
            <Shape><Polygon POINTS="2545 1567 2547 1522 2574 1533 2614 1533 2626 1522 2648 1533 2765 1533 2806 1519 2828 1528 2844 1519 2952 1519 2970 1531 2991 1519 3006 1528 3042 1517 3081 1528 3112 1517 3153 1528 3177 1517 3191 1528 3211 1517 3286 1528 3322 1517 3353 1526 3540 1526 3610 1515 3626 1524 3709 1524 3723 1513 3743 1522 3768 1513 3788 1524 3795 1555 3790 1569 3601 1569 3590 1560 3542 1571 3482 1562 3292 1573 3245 1564 3232 1573 3200 1564 3180 1573 3096 1573 3085 1564 3042 1576 2966 1576 2957 1567 2923 1576 2909 1567 2851 1576 2835 1567 2808 1576 2797 1569 2783 1578 2765 1569 2666 1578 2632 1569 2603 1578 2549 1571"/></Shape>
	    <String CONTENT="La Caisse renferme 5.900 frs environ, les recettes sont"
                    HPOS="2545"
                    VPOS="1513"
                    WIDTH="1250"
                    HEIGHT="65"></String>
          </TextLine>

          
          
          <TextLine ID="eSc_line_9db9de77"
                    TAGREFS="LT4057"
                    BASELINE="2414 1643 3729 1632" 
                    HPOS="2414"
                    VPOS="1594"
                    WIDTH="1315"
                    HEIGHT="69">
            <Shape><Polygon POINTS="2414 1643 2425 1605 2486 1612 2497 1603 2545 1603 2556 1614 2605 1605 2644 1614 2695 1600 2725 1600 2743 1612 2835 1600 2936 1612 2975 1609 2991 1598 3040 1607 3058 1598 3108 1607 3144 1598 3182 1609 3209 1598 3439 1607 3558 1598 3587 1605 3655 1594 3673 1603 3695 1594 3723 1605 3729 1632 3723 1654 3682 1639 3655 1652 3623 1641 3603 1650 3585 1639 3524 1648 3513 1639 3495 1650 3466 1639 3430 1650 3340 1643 3326 1657 3265 1641 3207 1641 3191 1657 3180 1645 3155 1659 3128 1643 3006 1643 2988 1652 2939 1643 2903 1659 2873 1650 2853 1661 2554 1663 2538 1650 2513 1648 2491 1663 2436 1663 2416 1648"/></Shape>
	    <String CONTENT="nulles, à part quelques centaines de francs sur nos rentes"
                    HPOS="2414"
                    VPOS="1594"
                    WIDTH="1315"
                    HEIGHT="69"></String>
          </TextLine>

          
          
          <TextLine ID="eSc_line_9ebe8086"
                    TAGREFS="LT4057"
                    BASELINE="2414 1720 3752 1706" 
                    HPOS="2414"
                    VPOS="1666"
                    WIDTH="1338"
                    HEIGHT="65">
            <Shape><Polygon POINTS="2414 1720 2416 1688 2459 1677 2484 1688 2574 1679 2623 1688 2675 1686 2686 1675 2709 1686 2817 1686 2828 1675 2862 1672 2887 1684 2918 1672 3027 1684 3083 1670 3204 1681 3218 1670 3247 1679 3263 1670 3301 1677 3310 1668 3360 1668 3371 1677 3391 1668 3416 1677 3454 1668 3666 1677 3682 1666 3714 1666 3745 1677 3752 1706 3745 1715 3711 1711 3682 1720 3583 1711 3527 1722 3473 1713 3461 1722 3443 1713 3335 1722 3310 1713 3304 1722 3245 1715 3216 1724 3204 1715 3153 1724 3087 1715 3022 1727 2882 1718 2849 1727 2788 1720 2743 1729 2704 1720 2686 1729 2637 1722 2630 1731 2619 1722 2416 1731"/></Shape>
	    <String CONTENT="françaises. Or, notre effectif est de 2.700 membres, aucune"
                    HPOS="2414"
                    VPOS="1666"
                    WIDTH="1338"
                    HEIGHT="65"></String>
          </TextLine>

          
          
          <TextLine ID="eSc_line_2f314f78"
                    TAGREFS="LT4057"
                    BASELINE="2414 1794 3822 1776" 
                    HPOS="2414"
                    VPOS="1724"
                    WIDTH="1408"
                    HEIGHT="84">
            <Shape><Polygon POINTS="2414 1794 2416 1760 2441 1765 2461 1751 2486 1765 2554 1763 2563 1754 2596 1763 2635 1751 2680 1763 2824 1760 2849 1736 2925 1736 2950 1758 3105 1758 3117 1747 3141 1756 3191 1756 3200 1747 3216 1756 3295 1756 3344 1754 3362 1736 3376 1745 3391 1729 3632 1733 3648 1724 3783 1733 3799 1749 3815 1749 3822 1776 3815 1792 3664 1792 3648 1783 3639 1794 3484 1787 3466 1796 3387 1796 3358 1787 3340 1796 3268 1799 3256 1790 3211 1799 3175 1790 3117 1801 3015 1801 2984 1792 2961 1801 2943 1792 2923 1801 2806 1794 2777 1803 2765 1794 2725 1796 2716 1805 2695 1796 2612 1796 2587 1808 2547 1799 2536 1808 2513 1799 2418 1799"/></Shape>
	    <String CONTENT="souscription ne peut être espérée. La part à distribuer repré-"
                    HPOS="2414"
                    VPOS="1724"
                    WIDTH="1408"
                    HEIGHT="84"></String>
          </TextLine>

          
          
          <TextLine ID="eSc_line_4991bb64"
                    TAGREFS="LT4057"
                    BASELINE="2414 1866 3198 1859" 
                    HPOS="2414"
                    VPOS="1826"
                    WIDTH="784"
                    HEIGHT="54">
            <Shape><Polygon POINTS="2414 1866 2416 1837 2448 1830 2522 1830 2533 1841 2574 1832 2585 1841 2668 1841 2745 1828 2795 1839 2891 1839 2903 1830 3067 1837 3130 1826 3155 1837 3191 1835 3198 1859 3193 1871 3162 1875 3126 1875 3117 1866 3105 1875 3056 1866 2932 1877 2846 1868 2736 1877 2709 1868 2668 1880 2653 1871 2626 1880 2418 1871"/></Shape>
	    <String CONTENT="sentre donc environ 2 frs par tête."
                    HPOS="2414"
                    VPOS="1826"
                    WIDTH="784"
                    HEIGHT="54"></String>
          </TextLine>

          
          
          <TextLine ID="eSc_line_0e6df6d9"
                    TAGREFS="LT4057"
                    BASELINE="2547 1945 3761 1934" 
                    HPOS="2547"
                    VPOS="1893"
                    WIDTH="1214"
                    HEIGHT="63">
            <Shape><Polygon POINTS="2547 1945 2549 1911 2569 1902 2614 1913 2738 1913 2747 1904 2781 1913 2795 1902 2831 1911 2858 1900 2873 1911 2930 1909 2939 1900 3020 1911 3040 1900 3099 1909 3110 1898 3135 1909 3259 1907 3277 1895 3301 1907 3317 1895 3335 1907 3373 1895 3398 1907 3450 1907 3515 1893 3628 1904 3657 1893 3711 1895 3720 1904 3750 1898 3761 1934 3754 1947 3705 1947 3693 1938 3684 1947 3547 1947 3518 1938 3466 1949 3279 1940 3234 1952 3162 1943 3067 1952 3045 1943 3029 1952 2979 1945 2968 1954 2864 1954 2833 1945 2795 1954 2711 1947 2644 1956 2635 1947 2599 1947 2549 1956"/></Shape>
	    <String CONTENT="Une circulaire, mise en ce moment à la poste, sous la"
                    HPOS="2547"
                    VPOS="1893"
                    WIDTH="1214"
                    HEIGHT="63"></String>
          </TextLine>

          
          
          <TextLine ID="eSc_line_2bca27ac"
                    TAGREFS="LT4057"
                    BASELINE="2416 2021 3763 2006" 
                    HPOS="2416"
                    VPOS="1965"
                    WIDTH="1347"
                    HEIGHT="72">
            <Shape><Polygon POINTS="2416 2021 2418 1988 2439 1979 2599 1979 2612 1988 2648 1976 2668 1985 2732 1976 2750 1988 2768 1976 2792 1983 2815 1974 2900 1974 2932 1985 2995 1974 3006 1983 3094 1983 3105 1972 3144 1981 3157 1972 3171 1981 3216 1972 3243 1981 3290 1970 3310 1981 3353 1972 3373 1981 3418 1972 3450 1979 3473 1967 3497 1979 3567 1979 3594 1965 3608 1976 3680 1967 3693 1976 3756 1976 3763 2006 3689 2019 3623 2015 3608 2024 3520 2015 3448 2026 3385 2015 3362 2026 3344 2017 3331 2028 3189 2017 3103 2019 3085 2031 3000 2031 2979 2021 2964 2033 2894 2033 2882 2024 2797 2035 2734 2024 2707 2035 2637 2024 2569 2037 2520 2037 2509 2026 2482 2037 2418 2035"/></Shape>
	    <String CONTENT="signature du Président Levy, annonce que la Caisse d&#x27;assis-"
                    HPOS="2416"
                    VPOS="1965"
                    WIDTH="1347"
                    HEIGHT="72"></String>
          </TextLine>

          
          
          <TextLine ID="eSc_line_6791d8fc"
                    TAGREFS="LT4057"
                    BASELINE="2418 2091 3763 2078" 
                    HPOS="2418"
                    VPOS="2040"
                    WIDTH="1345"
                    HEIGHT="69">
            <Shape><Polygon POINTS="2418 2091 2421 2051 2450 2062 2628 2062 2668 2049 2698 2060 2713 2049 2768 2049 2779 2060 2810 2049 2837 2060 2864 2046 2894 2058 2943 2046 2979 2058 3076 2058 3128 2055 3139 2044 3245 2055 3256 2044 3324 2053 3337 2042 3373 2053 3391 2042 3436 2042 3473 2053 3529 2042 3540 2051 3574 2042 3583 2051 3617 2042 3693 2051 3714 2040 3756 2051 3763 2078 3734 2094 3709 2087 3691 2096 3655 2085 3583 2085 3547 2098 3518 2089 3434 2100 3412 2087 3385 2096 3319 2087 3274 2103 3155 2103 3130 2089 3099 2089 3045 2091 3033 2100 3009 2091 2959 2105 2907 2096 2898 2105 2846 2107 2833 2096 2799 2094 2729 2094 2713 2103 2693 2094 2673 2107 2603 2096 2569 2109 2486 2100 2421 2109"/></Shape>
	    <String CONTENT="trance continuera à fonctionner comme à l&#x27;ordinaire ; elle va"
                    HPOS="2418"
                    VPOS="2040"
                    WIDTH="1345"
                    HEIGHT="69"></String>
          </TextLine>

          
          
          <TextLine ID="eSc_line_078c2beb"
                    TAGREFS="LT4057"
                    BASELINE="2421 2170 3783 2152" 
                    HPOS="2421"
                    VPOS="2116"
                    WIDTH="1362"
                    HEIGHT="83">
            <Shape><Polygon POINTS="2421 2170 2423 2139 2441 2130 2452 2139 2511 2139 2520 2130 2545 2139 2565 2130 2621 2136 2632 2127 2693 2127 2711 2136 2732 2127 2759 2136 2768 2125 2815 2125 2826 2134 2837 2125 2864 2134 2889 2125 2925 2132 2932 2123 2970 2132 3004 2132 3013 2123 3056 2132 3101 2123 3256 2130 3272 2118 3355 2118 3369 2127 3407 2118 3441 2127 3457 2116 3475 2125 3500 2116 3531 2125 3777 2116 3783 2152 3770 2177 3725 2170 3698 2181 3664 2175 3612 2186 3464 2186 3445 2175 3416 2184 3407 2175 3367 2175 3344 2186 3220 2177 3146 2190 3121 2177 3101 2193 2950 2179 2930 2195 2876 2195 2837 2181 2810 2195 2732 2184 2702 2197 2684 2184 2590 2184 2578 2193 2554 2186 2540 2199 2509 2188 2493 2199 2475 2190 2436 2190 2425 2199"/></Shape>
	    <String CONTENT="suggérer des demandes de secours en quantité malheureusement"
                    HPOS="2421"
                    VPOS="2116"
                    WIDTH="1362"
                    HEIGHT="83"></String>
          </TextLine>

          
          
          <TextLine ID="eSc_line_bf6589dd"
                    TAGREFS="LT4057"
                    BASELINE="2423 2238 2977 2242" 
                    HPOS="2423"
                    VPOS="2195"
                    WIDTH="554"
                    HEIGHT="70">
            <Shape><Polygon POINTS="2423 2238 2425 2211 2434 2206 2527 2211 2540 2202 2563 2211 2621 2197 2641 2208 2682 2202 2707 2213 2723 2202 2741 2211 2752 2199 2916 2195 2970 2213 2977 2242 2968 2265 2896 2247 2759 2247 2704 2265 2596 2262 2585 2251 2572 2262 2547 2251 2531 2260 2518 2249 2497 2262 2425 2262"/></Shape>
	    <String CONTENT="impossible à accueillir."
                    HPOS="2423"
                    VPOS="2195"
                    WIDTH="554"
                    HEIGHT="70"></String>
          </TextLine>

          
        </TextBlock>
        

        
      </PrintSpace>
    </Page>
  </Layout>
</alto>
