2479 3508
242 394 2044 129 plus loin vers la capitale qu'on proégerait peut-être et, en

245 526 2008 111 tout cas, où l'on serait perdu dans une vaste population et

245 640 1131 99 accueilli chez nos beau-parents.

412 844 1947 126 Cette fois, la décision fut vite prise et l'on put encore

245 976 2140 105 attraper le dernier train quittant Louvain vers Bruxelles. Nous

248 1084 2111 108 nous y entassâmes après avoir causé avec notre cousin, l'ingé-

245 1198 2149 99 nieur Verdeyen qui, la mort dans l'âme, procédait à la destruc-

248 1306 2143 103 tion du système des voies et signaux de la gare de Louvain, ré-

248 1414 1166 100 cemment électrifié avec grand art.

418 1619 1870 105 Ce fut notre premier pas vers cet ouest qui devait nous

248 1739 2146 96 attrier toujours plus loin jusqu'au Pacifique. L'arrivée à Bru-

245 1847 2114 97 xelles où nous trouvâmes un toit dans la maison de nos cousins

248 1955 2014 103 Verdeyen, alors en séjour à la mer, commença par un certain

248 2058 2105 105 sentiment de soulagement. Mais, ce ne fut que de courte durée.

248 2166 2081 105 Le lendemain déjà la cacalerie prussienne traversait la capi-

254 2286 2072 93 tale excitant plus curiosité que de dépit parmi les foules

251 2388 2172 108 résignés qui la regardaient défiler. Aucun applaudissemment, na-

254 2511 2072 108 turellement, sauf, hélas ! de la part de nos sottes servantes

248 2619 2175 111 hallandaises. Ignorant la rapidité de l'avance de l'ennemi, nous

254 2736 2146 102 avions songé un instant à partir vers le littoral. Nous nous é-

254 2847 2146 99 tions placés dans un train qui, de fait, s'ébranla en direction

254 2955 2116 96 de Tournai, mais à Ruisbroeck, il s'arrêta longuement et finit

254 3063 2078 152 par rebrousser chemin vers Bruxelles. Les uhlans avaient déjà

1084 195 193 97 - 7 -
