2479 3508
242 385 2029 138 coupé la voie. Contraints donc de nous établir à Bruxelles,

242 520 2108 123 nous acceptâmes l'idée d'y faire un séjour prolongé en atten-

245 628 1248 123 dant on ne sait trop quel évènement.

406 844 1976 129 L'atmosphère dans la capitale, d'abord pleine de résigna-

245 964 2073 111 tion, s'assombrit graduellement. Les communiqués affichés en

242 1072 2102 117 trois langues par l'occupant ne parlaient que de défaite al-

239 1186 2070 111 liées. Ces textes avaient même réussi à noyer la nouvelle de

239 1297 2169 117 la bataille de la Marne sous un nuée de petits engagements, où

236 1403 2213 122 l'on ne se retrouvait pas et qui, naturellement, étaient présen-

239 1517 1354 105 tés comme "conformes au plan allemand".

409 1733 1897 129 Seuls les gémissements d'une damme allemande au sujet de

233 1850 2108 126 son armée en danger en France nous donnèrent l'impression que

233 1961 2178 132 les communiqués pouvaient cacher des revers. De plus en plus on

233 2075 2207 129 se sentait sous une étreinte. Les pas de l'oie des soldats, leurs

233 2195 2140 114 coups de crosse brutaux sur nos pavés écrasaient fortement nos

233 2303 2137 117 espoirs, tandis que la ritournelle des cornets avertisseurs de

233 2414 2114 114 leurs autos était ressentie comme une ironie. Mais nos senti-

230 2525 2143 123 ments envers l'envahisseur ne devaient pas tarder à prendre un

233 2639 1050 114 caractère encore plus hostile.

400 2853 2005 120 Lors d'une de ces promenades par les rues de Bruxelles que

230 2964 2164 123 nous imposaient notre désoeuvrement et notre soif de nouvelles,

230 3078 2205 161 près de la porte Louise, mon attention fut atirée par un convoi

1096 184 204 87 - 8 -
