3078 4702
321 360 2596 153 rien, il vous trouve de l'anesthésie. C'est ainsi qu'il m'a trou-

333 438 2494 145 vé de l'anesthésie des organes génitaux et des doigts de pied ?

329 513 2501 141 Il vous fait asseoir sur un lit et cherche la paralysée en vous

329 575 2576 134 frappant sur les articulations du genou. Les avis des poilus sont

325 642 2651 133 partagés la-dessus. Les uns disent qu'il faut lancer fort la jambe,

337 705 2611 133 d'autres qu'il faut la raidir pour avoir un bon ou un mauvais dia-

329 775 2631 137 gnostic.... Vaste fumisterie.. Après une demi heure de ces expéri-

329 846 2505 129 ences, dont le major a l'air de se soucier comme de sa première

325 901 2662 145 chemise, il dicte à l'infirmière : "crises hystéro-épileptiformes".

709 979 2121 114 J'avais eu, du reste, la veille une crise assez forte

325 1046 2513 125 en tombant à l'heure du repas, renversant verres, bouteilles et

325 1124 1627 125 assiettes qui se trouvaient sur la table.

713 1171 2290 118 Le médecin enfin n'arrive guère avant 3 h de l'après-midi

321 1242 2600 129 pour en partir à 5h, passe très rapidement dans les salles et se

325 1324 1866 117 fie exclusivement aux rapports des infirmières.

717 1375 2255 113 Pour tout le monde ici, je suis bien malade, ma mine ti-

325 1441 2560 134 rée de la fatigue du voyage, du manque de sommeil, et d'un jeûne

325 1539 1317 102 prolongé ne me porte pas honneur.

717 1571 2239 117 Nous sommes en général bien soignés par les infirmières.

329 1641 2643 126 Trop bien même, leur va et vient perpétuel dans les chambres empê-

333 1712 2556 117 che de sortir facilement. Elles observent surtout rigoureusement

325 1794 1753 106 les prescriptions et ordonnances du docteur.

721 1837 2251 122 En principe, dans les centres de neurologie, les malades

329 1912 2560 117 sont consignés. Toutefois, ici, les malades, autres que crisards

333 1974 2596 118 ont la permission de l'après-midi trois fois par semaine et toute

333 2041 2560 121 la journée du dimanche. Les crisards même parfois peuvent sortir

333 2111 2556 114 accompagnés d'un infirmier. En réalité celui qui veut absolument

337 2170 2599 126 se débiner dans la journée a toutes facilités, la porte de l'éta-

329 2245 2564 109 blissement est toujours ouverte et le portier civil nous ignore.

729 2300 2294 121 Le nourriture ne nous est pas servie en trop grande abon-

345 2374 2587 118 dance à l'hôpital ; mais elle est bien préparée... Un quart de vin

337 2445 2521 105 et deux cigarettes par tête à chaque repas... Nous n'allons pas

337 2499 2690 122 rester longtemps. On avait d'abord parlé de nous envoyer en permis-

341 2574 2642 110 sion de 4 jours et retour à Bordeaux, la nouvelle décision va nous

341 2644 2650 106 envoyer en congé de convalescence d'un ou deux mois avec retour au

341 2727 1478 90 centre de neurologie de notre région.

744 2766 2271 110 J'ai télégraphié à Félix pour savoir s'il fallait choisir

333 2856 1686 82 Amiens ou Rouen ? Il doit être au courant.

737 2895 2254 118 Ma petite famille n'a pas l'air de se plaire tout à fait

333 2970 2454 105 au Havre. Mes mioches sont malades. L'air de la ville ne leur

348 3032 2628 118 convient pas. J'aurais voulu arriver auprès d'elles avec une déci-

345 3103 2599 102 sion et ne plus avoir à nous séparer. La période des tribulations

337 3169 2576 122 n'est pas encore terminé, mais je suis bienheureux de les revoir

337 3267 811 83 dans quelques jours.

333 3377 549 141 _6 _MARS _I9I8 -

768 3557 631 90 - - - - - - - -

1207 3683 718 78 - - - - - - - - -

1650 3765 828 110 -- - - - - - - - - -

1325 219 317 114 - I2I -
