2479 3508
362 596 1620 152 TOUJOURS PLUS VERS L'OUEST

359 961 1655 158 MARCHE TOURMENTEE D'UNE FAMILLE VERS LA LIBERTE

947 1110 473 100 (1914 - 1919)

353 1362 1997 152 C'était par un riant après-midi d'été. Le soleil baignait

178 1479 2134 143 la grande villa des "Conifères" et se réflétait sur ses hauts

181 1601 2099 138 pignons blancs et noirs en style normand qui avaient en vain

178 1710 2189 143 la prétention de donner à la maison un air de cottage rustique.

181 1821 2128 140 La famille était dispersée dans le parc où l'on percevait des

178 1938 2227 131 cris joyeux. Le père, préoccupé de recueillir des documents ori-

175 2055 2128 128 ginaux sur le langage des enfants, écoutait discrètement dans

175 2169 2131 131 un coin des bosquets les balbutiements de sa plus jeune fille

172 2274 2163 146 Irène, dont il s'efforçait de constituer le vocabulaire enfan-

175 2400 158 96 tin.

339 2546 1947 155 Certes cette paix n'allait pas sans un peu d'inquiétude,

169 2660 2228 140 de même que le bleur de ce ciel de juillet se parsemait déjà vers

166 2774 2263 158 l'ouest de _cumuli ouatés dont la blancheur passait doucement vers

166 2899 1336 155 le gris-bleuâtre annonçant les ondées.

1067 160 198 132 - 1 -
