3217 2428
419 180 801 58 MEMOIRES DE GUERRE

607 483 433 55 Souvenirs de guerre

85 647 1279 53 Faisant un effort de mémoire et grâce aux lettres que j'ai

87 696 1386 46 envoyées et qui ont été conservées, je viens raconter la triste

87 740 1388 53 existence que j'ai vécue avec mes camarades, pendant les quatre

87 783 858 54 années de la GRANDE GUERRE 1914 - 1918.

706 1029 239 63 ANNEE 1914

87 1199 1457 53 Le samedi 1er AOUT, vers quatre heures du soir, on entendit sonner

89 1252 1281 44 le tocsin dans les bourgs environnants alors que suivaient

91 1292 1409 45 immédiatement des employés communaux, parcourant les villages et

89 1333 1121 61 qui posaient les affiches de mobilisation générale.

89 1460 1392 51 Ceci ne surprenait personne, car depuis huit jours les journaux

93 1509 1346 44 envisageaient la possibilité d'une guerre, mais on conservait

91 1549 1435 51 quand même l'espoir d'une entente entre les puissances, tellement

93 1592 793 54 cette chose nous paraissant cruelle.

93 1715 1453 53 Ce jour-là, le 1er AOUT, nous étions AU COURTIAUX et finissions la

93 1766 1324 44 moisson dans le champ, dit "champ d'ajonc" . Encore quelques

93 1808 992 45 petits tas de gerbes à faire et c'était fini.

93 1847 1299 54 On se voyait déjà en famille, manger les crêpes et rigoler.

95 1972 1303 51 Triste nouvelle, la guerre sur la point d'être déclarée, la

95 2021 1324 46 mobilisation commencée. D'après mon fascicule sur mon livret

95 2063 1453 49 militaire, je devais partir le 4ème jour, le MARDI 4 AOUT, c'est à

93 2106 690 52 dire à peine trois jours après.

93 2229 1307 53 Je renoncerai à vous dépeindre ma douleur. Marié depuis six

95 2274 1455 64 semaines seulement, le 17 JUIN, j'avais donc, ave ma femme, passé

1708 157 1423 59 ces six semaines bienheureuses sans penser un seul instant que pût

1706 204 1180 48 nous survenir une si brusque et douleureuse séparation.

1706 301 1379 57 le 4 AOUT, journée inoubliable, l'heure arriva de se quitter, de

1708 343 1421 47 laisser tout ceux que j'aimais tant, sans savoir quel jour et même

1708 380 1316 38 si seulement nous pourrions nous revoir encore, sans que nous

1706 416 1245 49 puission savoir si le baiser du départ serait le dernier.

1706 517 1268 51 Mon beau-père était venu me conduire jusqu'à la PYSONNIERE.

1706 558 1423 49 Je trouvais le cousin Louis MICHAUD et c'est en sa compagnie ainsi

1708 592 1272 53 qu'en celle de mon oncle, son père, que je fis le voyage de

1706 627 458 50 PARTHENAY en voiture.

1706 730 1316 53 J'arrivais donc à PARTHENAY vers onze heures et je retrouvais

1710 772 1389 47 aussitôt beaucoup de personnes de ma connaissance, qui comme moi,

1706 809 1353 50 avaient quitté leurs familles le matin ou quelques jours avant.

1704 910 1340 51 Je dinais avec mon frère et quelques autres dans un café de la

1708 950 1328 39 place du marché. Ensuite je me présentais à la caserne ALLARD,

1706 987 1336 48 d'où l'on me conduisit au cantonnement de la 22ème Compagnie à

1706 1023 541 47 laquelle j'étais affecté.

1706 1122 1272 55 Ce cantonnement se trouvait près de la garre, dans un parc à

1708 1163 1421 51 fourrage, attenant aux ateliers de Monsieur JOLY dans lesquels se

1708 1199 903 51 trouvait un bureau où nous fûmes habillés.

1706 1305 1359 50 Le soir nous couchions sur une poignée de paille, dans un vaste

1706 1343 1415 49 hangar. Tous mes nouveaux camarades m'étaient à peu près inconnus,

1708 1379 1292 45 à part mon cousin, Maurice SAVARIAULT que j'était heureux de

1706 1412 1373 56 retrouver car il faisait partie, lui aussi, de la même escouade.

1704 1515 1383 55 Avant de m'endormir, je pensais au bon lit de la veille, à cette

1708 1557 1359 49 belle existence pleine de bonheur mais transformée en si peu de

1706 1594 1245 50 temps, à tous ceux que j'avais quitté le matin en larmes.

1706 1695 1359 53 Pour la première nuit, je ne dormais pas beaucoup, la couchette

1710 1736 1397 54 trop dure et le local plutôt froid n'étaient pas fait pour donner

1706 1772 184 44 sommeil.

1704 1871 1403 57 Dans le courant de la journée, nous fûmes divisés en escouades et

1710 1912 1290 50 en sections. J'eux l'honneur d'appartenir à la 7ème escouade

1708 1948 1266 63 commendée par la Caporal QUINTARD Anselme de la Gautelière,

1706 1984 395 49 commune du RETAIL.

1706 2084 840 62 Mes camarades s'appelaient comme suit :

1708 2128 334 41 - Louis AIRAULT

1708 2162 310 41 - Louis PINAUT

1708 2199 288 32 - Armand BATY

1706 2229 274 57 - GUILLOTEAU
