1820 2794
274 242 1301 142 THÉATRE DE L'OPÉRA

981 456 449 88 8 janvier I949

748 603 228 93 _NOTE

410 852 1230 74 sieurs reprises, prêté votre concours en

561 773 1077 79 On me signale que vous avez, à plu-

410 926 1309 84 province sans autorisation de la Direction.

563 1029 1103 79 Je vous rappelle les dispositions de

407 1101 1231 79 votre contrat et les notes que j'ai fait

407 1173 1233 84 paraître à plusieurs reprises au tableau

405 1245 1235 86 de service. Toute demande d'autorisation

403 1322 1202 86 doit être établie régulièrement sur les

407 1399 704 79 imprimés de la REUNION.

556 1476 1166 83 L'artiste qui s'absente, même autorisé

403 1552 1230 77 pour des fins personnelles, ne pouvant à

400 1629 1317 79 la fois bénéficier d'un cachet en province

400 1702 1131 79 et de ses appointements à la REUNION.

554 1781 1161 81 Je vous prie de me donner une explica-

400 1846 711 170 tion écrite à ce sujet.

386 2328 483 86 Monsieur CAMBOM
