2204 3073
825 179 692 82 Entre les Soussignés :

743 291 1414 82 M. Jacques ROUCHE, Directeur de l'Académie Na-

594 361 1563 71 tionale de Musique et de Danse, prenant domicile au

627 412 861 77 Théâtre National de l'Opéra,

1617 466 356 64 d'une part,

738 501 1394 80 Et M. Léo STAATS, maître de ballet, demeurant

594 563 1440 74 à Paris, I6 rue Saulnier, se déclarant libre de

597 617 499 82 tout engagement,

1617 619 415 85 d'autre part,

832 709 928 77 Il a été convenu ce qui suit :

743 806 1414 80 M. Léo STAATS est engagé à l'Académie Nationa-

594 865 1538 77 le de Musique et de Danse comme maître de ballet à

592 919 922 64 dater du premier Janvier I9I9.

748 967 1353 72 Il sera chargé de la chorégraphie et mise en

592 1019 1563 71 scène des ballets et de la surveillance de l'ensei-

592 1075 1473 67 gnement chorégraphique dans les classes de danse

592 1124 835 61 et de pantomine de l'Opéra,

743 1172 1353 70 Ses fonctions comme maître de ballet ne sont

592 1221 1532 74 pas exclusives ; il pourra y avoir à l'Académie Na-

594 1272 1469 72 tionale de Musique et de Danse d'autres metteurs

592 1323 1563 77 en scène ou maître de ballet pour régler la choré

589 1377 889 57 graphie de certaines oeuvres.

738 1428 1417 72 Les appointements annuels de M. Léo STAATS se-

589 1477 1192 69 ront de Quinze mille francs ( 15.000 ).

740 1531 1228 69 Il aura droit à un mois de congé par an.

738 1582 1345 69 Le présent contrat est fait pour une, trois,

589 1631 1502 74 cinq, sept années ; il sera résiliable à la fin de

586 1682 1535 79 chacune de ces trois périodes sans indemnité, à la

586 1738 1446 80 charge de se prévenir réciproquement trois mois

586 1787 290 64 d'avance.

743 1830 1312 82 Dans le cas où M. Jacques ROUCHE cesserait,

586 1892 1474 72 pour quelques causes que ce soit, prévues ou non

589 1943 1474 72 prévues par le Cahier des charges, d'être Direc-

592 1994 1532 75 teur de l'Académie Nationale de Musique et de Dan-

586 2046 1564 76 se, il se trouverait par ce fait, dégagé, sans être

589 2097 1440 74 tenu au paiement d'aucun dédit ou indemnité, de

586 2148 1387 77 toutes garanties ou obligations envers M. Léo

586 2197 1564 82 STAATS, mais M. Léo STAATS devrait rester à la dis-

584 2250 1543 85 position Du successeur de M. J. ROUCHE ; le Succes-

589 2307 1540 84 seur aura droit de continuer le présent engagement

589 2355 1535 103 ou de le résilier sans être tenu à aucune indemni-

589 2404 108 67 té.

732 2453 1374 89 Le Directeur se réserve le droit de résilier,

584 2507 1512 99 sans indemnité d'aucune sorte, le présent engage-

581 2563 1456 97 ment en cas de retrait ou suspension de tout ou

581 2614 741 72 partie de la subvention.

730 2668 1430 105 Pour l'exécution du présent engagement, domici-

581 2722 1540 133 le est élu par M. Léo STAATS à Paris, I6 rue Saul-

1770 2921 336 121 ~~~ ~~~
