3475 4413
879 275 1035 169 Madame est capricieuse .

1008 606 515 107 Tableau 1

412 739 2562 103 Monsieur vieux beau , vient chercher madame pour la promenade .

287 875 2841 99 Celle-ci sort et se fait apporter par la soubrette plusieurs ombrelles.

279 1014 2743 100 Aprés les avoir regardées une à une , elle n'en prend pas . Monsieur

276 1143 1571 99 offre son bras à Madame ; ils partent .

1115 1415 390 92 Tableau 2

390 1529 2812 107 Extérieur de la maison .Une automobile passe , monsieur ⟦⟧ l'arréte

261 1665 2735 118 et invite Madame à monter , mais celle-ci a changé d'avis et ⟦⟧

261 1794 1734 121 redescend . Ils s'éloignent tous les deux .

1019 2007 390 92 Tableau 3

368 2121 2823 129 Une boutique de fleuriste . Madame veut des fleurs , mais pas le petit

246 2269 2665 106 bouquet que lui présente Monsieur ; elle veut le plus grand qui se

250 2394 2775 125 trouve à l'étalage . Pour ne pas la contrarier , Monsieur prend celui

242 2537 387 88 demandé .

997 2666 394 92 Tableau 4

427 2791 2543 121 Devant un square : un chevrier . Au milieu du troupeau , Madame

228 2927 2974 110 aperçoit une petite chèvre blanche . Ah! voilà ce qu'il me faut ! Monsieur

220 3067 2901 125 ne veut pas , mais devant la colère de son épouse , il se rend acquéreur

217 3199 585 96 de la chévre .

968 3379 386 103 Tableau 5

209 3512 2975 121 Une modiste . Passant devant une boutique de modes , Monsieur , les fleurs

206 3659 2970 114 sur le bras et tenant la chévre , Madame contemple des chapeaux puis entre

202 3791 2779 110 et ressort presque aussitot avec deux cartons qu'elle donne à tenir à

202 3916 416 99 Monsieur .

1314 209 121 129 (1)
