2678 3408
904 281 855 110 L'Angais tel qu'⟦⟧ ⟦⟧  boxe

315 451 2087 85 Un Anglai⟦⟧ arrive dans une gare de la métropole .Au moment d'héler

221 556 2306 68 un fiacre , il est abordé par deux individus à mine peu rassurante qui lui

221 658 2215 77 demandent du feu . Pendant que flegmatiquement , il tend sa pipe à l'un

221 763 2186 74 des malandrins , l'autre qui a fait un crochet s'empare des bagages de

227 857 2200 85 l'insulaire et se sauve à toute allure , bientôt suivi de son acolyte .

372 957 2155 88 Petit bout de poursuite . Le fils de la blonde Albion , tout à l'idée

216 1065 2282 82 de rattrapper ses voleurs , culbute une malheureuse crémiére qui effectue

216 1172 2194 77 de ce chef une fantastique cabriole . Un peintre et une passant prenant

216 1275 2194 79 fait et cause pour la pauvre dame , se voient également bosés de dure

218 1383 2280 71 façon . Pendant ce temps , les auteurs du larcin ont pris du champ ; mais

216 1476 2282 80 arrivés dans une rue déserte , aprés un léger conciliabule , ils décident

213 1581 2129 77 de se débarrasser de l'Anglais par des moyens aussi rapides que peu

218 1678 2221 88 courtois . Ils attendent donc leur homme qui , toujours aussi flegmati-

213 1783 1353 77 ment- quement , s'avance dans le lointain .

307 1885 2035 85 Arrivé a leur hauteur , notre insulaire prie les picpokets de lui

216 1988 2126 85 restituer ses deux valises . Pour toute réponse , les deux voyous se

221 2095 2240 77 jettent sur lui , mais alors , sortent toutes les richesses de son sport

213 2192 2248 82 national , l'Anglais par deux s⟦⟧vings classiquement appliqués , jette à

216 2294 2211 88 terre les deux voleurs , qui , fortement ouchés , restent couchés dans

210 2394 458 88 la poussiére .

309 2496 2212 91 Reprenant alors son bien , John Bull s'en va non sans avoir eu le soin

207 2601 1188 91 et pris le temps de rallumer sa pipe .

349 2706 1746 105 Premier⟦⟧ plan---- Tétes contusionnées des deux voleurs .

1091 153 100 82 (1)
