1815 2685
1264 163 1409 232 - 1 -
219 481 384 644 ~~~
552 601 1635 684 Charles Garnier ! Je suis tenté d'ajouter,
405 707 1488 792 Mesdames ~~~ Messieurs, je l'ai bien connu.
552 816 1515 886 Et cependant il mourrait alors que ma
407 910 1642 993 vocation se dessinait à peine. Je ne l'ai jamais
429 1024 525 1082 vu.
557 1112 1685 1192 Mais j'ai vécu, près de vingt années durant,
434 1212 1644 1286 dans l'intimité de son oeuvre, dans son cabinet
434 1315 1667 1389 de travail, encore tout imprégné de sa pétulence
429 1416 1618 1490 et de son extraordinaire imagination, entre le
434 1519 1669 1593 délicieux visage de sa fille, gravé par Chaplain
866 1474 1436 1534 ~~~ ~~~ ~~~ ~~~ ~~~
429 1622 1618 1693 et le tiroir où s'entassait sa correspondance,
429 1718 1591 1796 son livre descriptif de l'Opéra sur la table.
555 1825 1566 1895 Un jour de l'automne 1902 je gravissais
431 1919 1665 1998 les degrés de l'escalier du 39 quai de l'Horloge
427 2022 1618 2096 allant me présenter à l'atelier de Marcel Lam-
431 2123 1591 2210 bert, abrité au dernier étage de la maison de
434 2224 834 2315 Ludovic Halévy.
