3475 4413
1303 364 1104 110 CAPUCIN SANS LE VOULOIR.

1575 772 596 106 Scène comique

1564 1092 431 103 I Tableau

695 1279 2095 122 Devant la boutique d'un charbonnier marchand de vin

699 1482 2658 110 Tandis que le charbonnier ( Jean-Pierre ) fend du bois, un super -

485 1621 2864 107 be gendarme passe frisant sa moustache d'un air séduxteur devant Jean -

485 1754 2750 103 nette, la femme du charbonnier. Quelques jeunes gens à l'air farceur

489 1882 2706 107 viennent entrer en pourparler avec Jean-Pierre, celui-ci leur fait

489 2007 2743 114 dégustrer de son vin . Ils en font remplir deux paniers de six litres

482 2136 2948 133 et lui donnent une adresse - Ils s'éloignent - Jean-pierre prévient sa ⟦⟧

482 2269 2827 121 femme qu'il va porter la commande, et après avoir relu l'adresse, part

485 2401 2747 129 avec ses paniers - Aprèes son départ, le beau gendarme entre auprès

482 2530 556 92 de Jeannette.

1553 2850 478 139 II Tableau

669 3044 512 118 Une chambre.

673 3239 2658 133 Les jeunes gens sont réunis autour de la table fumant et causant -

467 3368 2787 136 Entre Jean-Pierre avec sa commande, il la remet, en reçoit le prix et

467 3504 2823 129 va sortir - On l'invite à boire un coup - Il accepte - On lui en verse

463 3633 2710 132 deux, trois, quatre, avalés coup sur coup - Il veut partir, ne peut

463 3773 2864 125 plus atteindre la porte - Il revient tendre lui-même son verre, il boit

463 3894 2927 140 et tombe endormi - Les jeunes gens alors lui rasent le sommet de la tête,

467 4056 2658 154 en tonsure de Saint - François, lui passe une robe de Cordelier et

1667 165 302 92 ( 1 )
