2710 3432
875 391 993 106 MESAVENTURES d'un RESERVISTE

752 663 1294 97 Scène militaire en cinq tableaux.

1187 926 338 77 I TAbleau

537 1072 2004 92 L'extérieur d'une caserne d'infanterie ( inscriptions, guérite )

532 1181 2072 85 Un factionnaire fait les cent pas - Sur le seuil de la porte, deux

377 1281 2195 86 ou troix hommes de garde et un sergent causent entre eux - Des soldats

377 1384 2198 83 entrent et sortent - Quelques civils, portant des valises, se présen -

383 1484 2189 91 tent - On examine à la porte leurs papiers, ils entrent - ( Ces civils

380 1590 2221 85 peuvent se composer d'un gommeur, d'un ouvrier, d'un paysan ) Paraît un

374 1693 2227 85 gros réserviste, il porte, lui aussi, une grosse valise, et est accom -

374 1793 2132 88 pagné de sa femme, qui est jeune, jolie, élégante - Arrivé devant la

372 1893 2220 94 porte, il embrasse avec force sa femme, la prie de l'attendre un instant

366 1987 2278 109 et après avoir présenté sa feuille au sergent, il entre dans la caserne -

369 2096 2217 97 Survient un jeune lieutenant, monocle à l'oeil, stick, etc. - Il aper -

357 2202 2109 97 ⟦⟧ çoit la jeune femme, la lorgne et tourne autour d'elle d'un air

363 2299 2221 97 admiratif - La femme parait flattée de cette attention - Enfin le lieu-

363 2405 2189 97 tenant l'aborde, la salue galamment et lui parle - A ce moment le gros

360 2502 2158 100 réserviste revient, vêtu en soldat - Mais l'uniforme trop étroit, lui

357 2611 2132 91 donne un aspect si grotesque, que sa femme éclate de rire à sa vue -

357 2708 2155 100 Vexé, le mari, après avoir salué le lieutenant, veut prendre sa femme

351 2811 2127 94 par le bars et partir avec elle - Mais le lieutenant l'arrête - Sous

349 2908 2220 103 prétexte de le trouver mal habillé, par à l'ordonnance, il lui enjoint

346 3014 2252 100 de rentre de suite au quartie - Le reserviste obéit, mécontant - Rires

343 3111 2129 109 des autres soldats - Pendant ce temps, la femme s'éloigne, suivie du

343 3223 1007 88 lieutenant qui la serre de près.

1316 205 197 83 (1)
