1815 2685
219 481 165 163 ~~~

552 601 1083 83 Charles Garnier ! Je suis tenté d'ajouter,

405 707 1083 85 Mesdames ⟦⟧ Messieurs, je l'ai bien connu.

552 816 963 70 Et cependant il mourrait alors que ma

407 910 1235 83 vocation se dessinait à peine. Je ne l'ai jamais

429 1024 96 58 vu.

557 1112 1128 80 Mais j'ai vécu, près de vingt années durant,

434 1212 1210 74 dans l'intimité de son oeuvre, dans son cabinet

434 1315 1233 74 de travail, encore tout imprégné de sa pétulence

429 1416 1189 74 et de son extraordinaire imagination, entre le

434 1519 1235 74 délicieux visage de sa fille, gravé par Chaplain

866 1474 570 60 ~~~ ~~~ ~~~ ~~~ ~~~

429 1622 1189 71 et le tiroir où s'entassait sa correspondance,

429 1718 1162 78 son livre descriptif de l'Opéra sur la table.

555 1825 1011 70 Un jour de l'automne 1902 je gravissais

431 1919 1234 79 les degrés de l'escalier du 39 quai de l'Horloge

427 2022 1191 74 allant me présenter à l'atelier de Marcel Lam-

431 2123 1160 87 bert, abrité au dernier étage de la maison de

434 2224 400 91 Ludovic Halévy.

1264 163 145 69 - 1 -
