512 708
331 16 61 28 ~~~

433 14 67 31 ~~~

291 40 182 26 ~~~ ~~~ ~~~ ~~~

291 41 17 33 ~~~

450 56 18 19 ~~~

292 70 18 16 ~~~

451 69 19 17 ~~~

292 83 16 14 ~~~

449 80 20 17 ~~~

292 94 16 15 ~~~

451 93 20 16 ~~~

291 105 17 13 ~~~

451 104 19 16 ~~~

293 115 16 16 ~~~

450 116 18 16 ~~~

289 123 21 25 ~~~

451 128 19 34 ~~~

320 158 102 66 ~~~

319 189 158 111 ~~~

69 361 421 25 Le manège tourne lentement ou au 1xième de tour toutes les x secondes.

69 378 382 22 Les caméras C iront cueillir l'image de la tête du spectateur S

69 394 382 23 que sera immédiatement rediffusée sur un moniteur M qu'UN AUTRE

67 405 146 22 SPECTATEUR pourra voir.

67 418 376 26 Ce spectateur-voyeur S' se trouvera lui-même dans le même cas,

67 438 396 22 C' diffuse en M' devant un spectateur S" filmé par C" diffusé par

67 451 106 23 M" devant... etc

67 466 407 27 L'image sera à priori manipulée (déréglage de lignes, etc..., "voir

67 487 420 21 l'autre dans un miroir déformant"...)prêtant ainsi à des commentaires

67 499 295 22 de la part de S' qui voit S, S' vu par S", etc...

67 514 371 22 Les commentaires seront recueillis par un micro placé près du

66 528 413 27 moniteur, commentaires rediffusés devant un autre "regardeur-commen-

67 546 96 15 tateur", etc...

67 557 412 27 Une musique sera diffusée en permanence, musique de L.Landy composée

66 574 162 20 à partir "d'airs de foire"

66 585 371 27 Sur tout le fronton du Manège une citation de R.D. Laing sera

66 602 400 24 calligraphiée : "l'étude de l'expérience des autres est fondée sur

67 619 370 19 les déductions que je tire, à partir de mon jugement sur vous

66 634 377 25 qui me jugez, de votre manière de me regarder en train de vous

65 648 226 25 regarder me regardant, etc... etc..."
