3480 3438
3153 131 3333 243 001
2003 515 2703 601 le 2 Septembre 1971
705 1570 1338 1658 Chers Brigadiers,
705 1707 3147 1782 Nos deux secrétaires - Marcel Benabou et Paul Fournel - ayant eu le
705 1784 3153 1853 mauvais goût de prendre leur vacances en même temps, le dur labeur
708 1850 2316 1919 des convocations m'incombe une fois de plus.
705 1982 2995 2054 Je vous rappelle que nos deux prochaines réunions auront lieu :
710 2105 2783 2191 1° - Le vendredi 10 Septembre 1971 à 11 heure chez F. LL,
710 2234 3256 2314 2° - Le mardi 26 Octobre 1971, même heure, même endroit. Nota : cette
891 2314 3115 2389 date remplace celle du 19 Octobre qui vous avait été indiquée
888 2377 1378 2443 précédemment.
708 2504 1665 2589 Bien OuLiPiennement vôtre.
