1024 1312
373 99 537 46 La page théâtrale des quotidiens d'aujourd'hui

306 143 590 39 marque d'une pierre noire le crépuscule du Théâtre.

374 182 534 34 Différentes salles, sous différents prétextes,

306 219 614 35 masquent leur fermeture avec ce mot facile : Relâche.

371 256 565 40 Allons-nous assister à cette chose navrante  la

305 296 559 36 fermeture progressive de la plupart des maisons?

371 333 562 36 N'y aura-t'il plus à Paris que les quatre Natio-

305 369 584 38 naux, plus le Populaire, les Municipaux et deux ou

307 410 225 36 trois privilégiés ?

370 446 526 36 Pour le cerveau du monde c'est peu, trop peu.

374 484 566 36 Si nous nous plaçons sur le terrain matérialiste,

306 522 617 37 va-t'on laisser mourir une industrie qui, directement

306 560 627 38 ou indirectement, fait vivre 150 à 200.000 personnes ?

373 599 560 35 Quelles sont les raisons qui font que les salles

307 634 374 41 sont de plus en plus désertées ?

306 675 272 36 1°) le prix des places,

305 715 227 33 2°) les transports,

306 753 629 37 3°) qu'on le veuille ou non la terrible concurrence du

351 791 146 34 filme sonore,

306 828 640 35 4°) la crise terrible que nous subissons entre naturel-

352 867 430 37 lement pour une part non négligeable.

371 919 552 36 Une récente enquête de "Comoedia" m'a doucement

303 956 620 38 fait rire : chacun s'évertuant à rejeter la faute sur

305 996 652 35 le voisin d'en face ou le copain d'à côté. Il s'agissait

307 1035 661 36 de savoir pourquoi les salles n'étaient pas archi-combles

307 1070 680 46 tous les soirs: les uns disaient, c'est la faute de Machin,

487 1111 445 39 Machin disait, c'est la faute de Truc,

490 1150 486 40 Truc disait, c'est la faut de Tartempions.

903 1190 41 31 ./.
