1024 1312
154 54 848 86 Et cet exemple est fait sur I00 lampes et dans des endroits
157 83 859 109 susceptibles ~~~ de supression (loges) avec une relativement
156 102 355 131 faible intensité.
211 133 856 164 Ignorant le tarif du contrat, je ne puis faire la compa-
155 158 855 190 raison exacte pour bénéfice tablant sur X milliers de lampes.
213 193 838 225 Or ~~~ la mienne sera de beaucoup la plus chère même
155 217 422 247 avec une remise de 25% .
404 250 548 284 SUPPOSITION.
212 284 881 315 Mettons que sur les quelques vingt mille lampes de l'Opéra
156 311 856 333 il se trouve que je vous en fournisse le~~~I/5 soit 4.000 bru-
157 331 836 356 lant une moyenne de quatre heures par jours, nous arriverons
154 349 332 371 à ce résultat :
281 381 825 413 500 x 4 = I6.000 heures d'éclairage économique
154 404 539 432 de 2frs7I6 l'heure pour 80 lampes
294 425 530 454 soit 543,20 par jour
155 457 576 491 et pour 200 jours de représentations
313 493 835 524 I08640Frs moins la différencedu prix d'achat
156 518 871 548 ou de location des lampes . La marge de bénéfice serait encore
156 541 297 569 appréciable.
212 569 883 601 Et si malgré toute attente je ne réussissais pas à l'Opéra
156 595 850 619 peut être serais-je plus heureux avec votre appui auprès des
157 615 774 643 bureau, magasins et usine de la parfumerie Pivert ? -
212 645 789 677 Dans l'espoir de réussir à vos ordres, veuillez
156 673 860 707 agréer, Monsieur le Directeur, l'expression de mes sentiments
157 694 286 731 distingués.
