1024 1312
140 45 678 45 seur de lampes, sera renouvellé et dans quelles conditions.

196 80 737 40 3° Comme je lui faisait remarquer la sombre clarté (Victor Hugo)

141 107 746 30 de couloirs et que là ma lampe serait avantageuse il me répondit

141 125 772 36 que l'éclairage des couloirs et réduits ou bureaux était secondaire

143 149 484 37 (sinon à la lettre du moins dans l'esprit)

145 202 782 34 donner un maximum d'intensité. Mais là il paraît que de nombreux ....

198 168 694 48 4° J'ai ensuite agité la question loges ou un luminaire doit

144 223 735 30 emprunts de lampes administratives réduiraient à zéro l'économie

143 238 758 38 possible par l'emploi de la lampe "Solargent" chaque lampe emprun-

144 259 746 36 tée représenterait une perte séche alors qu'actuellement le con-

143 282 449 35 trat supplée à ce petit inconvénient!!!

145 334 724 35 ples pouvoir, par disposition spéciale supprimer avec éclairage

202 299 690 48 5° Evidemment j'avais pensé dans la lustrerie a lampes multi-

145 354 747 31 égal, sinon supérieur, une lampe sur trois. Mais Monsieur Depailly

145 373 737 37 m'en a démontré l'impossibilité et qu'il fallait remplacer lampe

145 403 130 28 pour lampe.

144 450 742 33 à vouloir vous démontrer l'économie importante à réaliser sur le

201 423 661 37 Eh bien malgré toutes ces excellentes raisons je persiste

147 470 723 31 prix de revient du courant même en remplacant lampe pour lampe;

146 487 725 66 et c'est pourquoi je vous ai dressé ce petit tableau comparatif.
