1024 1330
136 126 732 41 lorsque avec sa grande barbe il a bien l'aspect d'un bon moin

137 168 276 37 l'emportent et sortent.

465 283 150 35 III Tableau

196 342 580 34 Une maison avec grande porte - Aspect de couvent.

197 394 748 41 Les farceurs placent le pseudo moine dans le ruisseau puis vont

137 437 820 37 sonner à la porte - Un frère parait - Chapeau à la main, avec

136 476 844 36 une feinte commisération, ils lui montrent Jean-Pierre - Le frère déso-

137 516 842 34 lè d'un tel scandale, fait transporter de suite l'ivrogne à l'intérieur

137 556 808 38 et remercie vivement les jeunes gens qui sitôt la porte refermée, se

138 596 395 32 laissent aller à toute leur joie.

455 707 137 37 IV Tableau

196 765 327 38 Un parloir dans le couvent.

198 825 713 35 Jean-Pierre affalé sur un siège est examiné par les capucins

139 865 807 32 scandalisés de son éta⟦t⟧ - On lui jette un bon seau d'eau sur la tête

138 905 796 31 pour le réveiller, ce qui se produit instantanément - Etonnement de

137 944 798 30 Jean-Pierre de se trouver en cette compagnie - Il voit sa robe, ses

137 984 815 29 pieds nus..... dans sa stupeur, il porte sa main à ses cheveux .....

139 1018 797 36 Il rencontre son crâne dénudé ...... Enfin se mettant en colère, il

138 1057 830 34 veut sortir - On veut l'en dissuader - Il tape! à coups de poing et de

138 1099 806 34 pied, se fraye un chemin au travers des capucins et sort en courant.

490 47 61 35 ( 2 )
