1024 1306
372 112 247 32 BULLETIN DE SOUSCRIPTION

157 149 686 38 à adresse _exclusivement à Monsieur Paul Fallet, Trésorier de l'AFSOA

156 176 250 30 24, rue Malar, Paris VII°

157 212 145 37 Je soussigné :

156 243 40 30 Nom

156 274 78 29 Adresse

157 325 682 31 désire recevoir, dès parution, le disque RENAISSANCE DE L'ORGUE N°2,

159 353 679 23 comprenant l'OEUVRE POUR ORGUE de BRUHNS et les SIX CHORALS de HANFF,

160 373 702 32 interprétés par MICHEL CHAPUIS à l'orgue Kern de l'église Saint Maximin

157 396 144 26 de Thionville.

489 420 451 31 Ma souscription porte sur ..... exemplaires

157 448 714 27 Par la même occasion, je serais heureux de recevoir aux mêmes conditions

159 473 742 24 dans la limite des disponibilités, le premier disque RENAISSANCE DE L'ORGUE

159 493 691 26 comprenant les NOELS FRANCAIS DU XVIIIè SIECLE, enregistrés par MICHEL

156 514 419 29 CHAPUIS sur l'orgue Koenig de Sarre-Union.

489 538 224 33 Ma commande porte sur

758 537 182 44 ..... exemplaires

159 568 653 25 Je joins au présent bulletin le réglement de ma commande totale et

159 592 713 28 ajoute les frais de port et emballage tels qu'indiqués au bas du présent

157 613 359 22 bulletin. Mon réglement s'effectue :

159 633 626 37 (1) par chèque bancaire - par chèque postal - par mandat-lettre

194 664 323 43 établi à l'ordre de l'A.F.S.O.A.

656 747 96 43 Signature

155 771 390 57 L'A.F.S.O.A. rappelle à ses adhérents :

236 823 527 28 - que chaque exemplaire est fourni au prix de 25.00 F

237 848 576 25 - que le disque RENAISSANCE DE L'ORGUE N° 2 est prévu pour

253 868 314 27 paraître courant septembre 1970

237 891 611 30 - que la présente souscription sera close de 31 décembre 1970,

254 917 579 23 date à laquelle le disque RENAISSANCE DE L'ORGUE N° 2 sera

256 937 554 22 commercialisé au prix de 37.00 F. Ce prix est d'ailleurs

254 957 588 22 celui du disque RENAISSANCE DE L'ORGUE N° 1 actuellement et

254 978 579 28 c'est à titre tout à fait exceptionnel que nous pouvons le

253 998 401 25 proposer plus haut aux conditions AFSOA.

238 1024 488 25 - que les frais de port et emballage se montent à

254 1045 439 23 4.00 F pour tout envoi de un ou deux disques

254 1067 461 21 6.00 F pour tout envoi de trois à cinq disques

253 1086 440 25 7.00 F pour tout envoi de six à huit disques

754 1060 96 33 en France

252 1113 445 36 9.00 F pour tout envoi de un et deux disques

752 1113 128 30 à 'étranger

155 1174 321 41 (1) Rayer les mentions inutiles.
