1024 1331
132 84 245 36 Monsieur Serge Klock

134 116 253 28 79 bis, Avenue Marthe

134 137 147 22 La Madeleine

133 154 348 44 54 -LANEUVEVILLE devant NANCY

633 106 246 47 le 18 Septembre 1971

634 236 243 31 François LE LIONNAIS

636 265 253 22 23, Route de la Reine

634 285 265 41 92 -BOULOGNE-sur-Seine

177 428 112 36 Monsieur,

177 514 427 35 16 Septembre et je vous en remercie.

307 485 583 39 J'ai lu avec le plus grand plaisir votre lettre du

178 578 710 25 me cycle sur le Collège et l'Oulipo. J'ai pu rencontrer Ray-

309 552 578 33 Il est exact que je prépare une thèse de troisiè-

179 602 698 23 mon Queneau à ce sujet et correspondre-grâces à lui!- avec

178 622 709 30 Monsieur Fournel qui a bien voulu m'envoyer un exemplaire de

178 643 391 28 son manuscrit concernant la Lipo.

178 704 721 26 dateur même est le Président de l'Ouvroir, aussi je prends bon

307 681 581 27 Je serais extrêmement heureux de connaître le fon

178 727 698 23 ne note de votre proposition et vous remercie pour cette in

178 747 699 26 vitation. J'espère venir à Paris en Octobre prochain, je ne

178 768 577 37 manquerai pas de vous contacter à cette occasion.

177 830 368 41 à mes sentiments les meilleurs.

306 803 625 37 Dans cette attente, je vous prie de croire, Monsieur,

656 913 107 64 S. KLOCK

702 847 81 75 ~~~

931 28 58 39 021
