1024 1337
490 137 44 33 -4-

207 194 552 42 Sur ces paroles d'espoir, la séance est levée.

208 245 385 32 La prochaine réunion aura lieu :

208 281 361 37 LE JEUDI 17 AOUT, à 18 HEURES,

138 350 305 32 et de Chronomie, sis au

209 323 740 36 dans les jardins du Régent de Stratégie et Tactique Scacchiale

208 378 773 43 23 route de la Reine (rez-de-chaussée à droite), BOULOGNE (Seine)

596 483 374 37 Pour le Secrétaire D. Définitif

652 521 260 31 Thier Marchant, S.P.

134 606 130 60 _Communiqué

206 649 752 37 A la suite d'un voeu (et pour remplir dignement les fonxions de

138 681 784 25 sa charge), le Secrétaire Provisoire a décidé d'adhérer à la Ligue

137 704 811 24 Antialcoolique. Il a l'intention de créer, avec les deux autres mem-

137 725 763 39 bres prohibiteurs (A.M. Schmidt et Latis), la Sous-Commission de

138 745 217 46 l'OuLiPo minérale.

962 24 44 33 ~~~

934 43 59 42 011
