1024 1419
274 56 667 42 Elle avale péniblement une salive épaisse . Un rêve lourd

274 98 229 33 pèse dans sa tête .

274 131 689 45 Et , tout d'un coup , au bout du silence , elle dit , d'une

274 172 678 44 petite voix plaintive , et comme si elle se parlait à elle

274 211 77 38 même :

275 248 617 41 - Et moi , qu'est ce que je vais faire , maintenant ?

275 288 642 40 Il la regarde : sa fille . La lili qui courait sous les

274 326 700 44 pommiers avec son bavolet blanc . Elle est bien laide ; mais

275 371 692 38 au fond de ses paupières rouge , les yeux luisent comme du

275 410 180 41 charbon cassé .

274 442 689 46 C'est vrai , pourtant . Il faut donc qu'elle travaille sans

275 484 309 44 jamais de joies de femme ?

275 521 487 43 C'est l'heure de partir . Jaume se lève .

278 556 19 39 ⟦⟧

275 578 668 42 - Ulalie , dit il , écoute: on pourrait prendre un petit

274 617 676 46 gars de l'assistance . Seize ans . C'est des hommes fait .

277 656 471 51 et on les mène comme on veu⟦x⟧ , tu sais?

461 23 40 32 144

926 31 45 36 145
