1024 1358
239 67 229 38 Ulalie est revenue .

240 105 350 36 C'était dans les midi et demi .

240 138 497 41 Avant de rentrer a la maison elle a raclé sa

240 178 518 41 bèche , soigneusement , avec une petite pierre

241 218 385 38 plate pour faire tomber la terre .

242 250 528 44 Jaume est à table , seul , devant une assiettée

242 293 342 34 de jambon et un litre de vin .

242 325 495 40 Elle va au coin des outils , pose sa bèche ,

243 363 514 41 essuie ses mains a son tablier , se retourne .

243 401 467 38 Elle a sa figure de tous les jours Il y a

244 437 487 39 seulement sa lèvre du dessus qui déborde un

244 475 443 42 peu plus sa lèvre du dessous ; sa mince

314 510 33 17 ~~~

244 516 299 33 bouche est toute effacée .

246 551 363 39 - Y a pas de soupe , dit Jaume ?

248 590 339 35 - Non , j'ai pas eu le temps .

246 621 510 47 Elle s'assied pres de la table , les mains au

246 663 295 51 genoux , sans rien dire .

250 717 229 44 - Tu ne manges pas ?

250 760 197 38 - J'ai pas faim .

701 33 45 42 156
