1024 1393
521 365 400 47 La maison de Gondran est la derni-

182 407 706 44 ere coté de la plaine .On l'appelle Les Monges . Peut etre

181 452 694 39 parceque elle est seule et rousse comme un moine , peut-etre

181 488 741 41 parceque , dans le temps, c'était un ermitage. En effet , elle

181 527 774 40 a l'allure d'une bonne grosse maison de curé , avec ses contrefort

182 566 717 39 trapus , sa porte ronde et basse ; la maison d'un de ces curés

178 602 720 46 ⟦XXXXX⟧ moitié ruffians qui donnaient la soupe et le matelat aux

902 594 88 53 ~~~

182 644 513 40 qui se dérobaient pour s'aimer tranquilles .

518 677 402 39 C'est la mieux placée des quatre .

182 716 720 45 Elle guette la route , elle voit la colline .Elle est juste au

182 759 730 37 bord de la pente qui devale vers les fonds . De sa terrasse on

183 795 739 45 apercoit tous les lacets du chemin jusqu'en bas vers X " La Clé-

183 836 160 67 mente " .

515 870 431 38 D'abors , ça a été la maison de Janet

183 910 755 40 le plus vieux des Bastides . Celui là , il est là depuis ses ⟦XXXX⟧

185 950 750 39 trente ans . Il était monté apres avoir fait toutes les fermes de

184 985 742 45 la plaine ; on ne l'y voulait plus : il se battait avec tous les

184 1027 750 40 valets . Trois fois la semaine il fallait courir aux gendarmes et

184 1066 728 40 a l'esparadrap . Sa femme est morte ici ; sa fille y a grandi .

185 1105 741 39 Il est maintenant dans ses quatre - vingt . Droit , dur comme un

185 1143 696 39 tronc de laurier , ses lèvres minces fendent a peine le buis

184 1179 763 43 rasé de sa figure . Dans ses petits yeux marrons , le regard blanc

184 1220 732 37 vole comme une mite , pur le ciel , ou il devine le temps , les

442 1210 23 28 ~~~

185 1258 705 50 feuillages , ou il voit la maladie a l'avance , les visages

512 143 52 49 7

949 154 29 36 8
