1024 1371
180 78 765 46 Une jeune fille vétue de bure violine , un chapeau de paille enfoncé

182 118 719 43 sur les yeux et d'où s'échappent , raide comme des osiers , des

182 159 509 40 cheveus chatain clair huilés de brillantine .

460 198 167 29 ++++++++++++++

182 229 676 46 La longue couleuvre du vent lutte avec l'oiseau de l'orage .

460 275 172 31 ++++++++++++++

184 301 765 45 Deux homme a longues moustaches noires -- des frères , sans doute-

184 342 745 44 qui se sont retrouvés , ont bu le rhum de l'amitié et , maintenant

185 381 732 41 sur le point du départ , s'embrassent de deux bons baiser sur les

185 422 754 40 joues . De la porte , celui qui part parle encore . Celui qui reste

185 462 723 33 le dos a la moleskine de la banquette , fait Oui de la tète et

186 502 735 33 regarde d'un bon regard luisant . Quand l'autre a disparu dans la

185 539 723 49 pluie , il avale son verre d'un coup puis il reste là , immobile

907 35 45 33 158
