1024 1395
509 32 529 59 2
954 41 972 98 3
148 59 899 109 un gland dans la main ; la belette darde son museau dans le vent ;
148 99 893 146 une goutte de sang brille au bout de sa moustache ; le renard lit
148 142 601 184 dans l'herbe l'itinéraire des perdrix .
148 174 862 218 La laie gronde sous les genevriers ; les sangliots , la bouche
148 215 862 265 pleine de lait , pointent l'oreille vers les grands arbres qui
148 265 313 301 gesticulent .
150 285 907 337 Puis , le vent depasse les arbres , le silence apaise les feuilla-
151 330 750 378 -ges , du museau grognon ils cherchent les tétines .
151 438 911 492 La sauvagine et les gens des Bastides se rencontrent sur la source
152 481 905 527 cette eau qui coule du rocher , si douce aux langues et aux poils.
151 520 887 569 Dès la nuit , c'est dans la lande , la reptation , patte pelue ,
152 562 537 603 vers la chanteuse et la fraiche .
152 597 730 641 Et , de jour aussi , quand la soif est trop dure .
153 635 664 681 Le sanglier solitaire hume vers les fermes .
155 680 541 716 Il connait l'heure de la sieste .
157 702 904 756 Il trotte un grand detour sous les frondaisons , puis de la corne
155 754 553 795 la plus rapprochée , il s'élance .
155 781 906 831 Le voila . Il se ventre sur l'eau . La boue est contre son ventre
157 820 885 875 La fraicheur le traverses d'outre en outre , de son ventre a son
158 874 260 909 échine .
159 906 384 946 Il mord la source .
159 935 748 997 Entre sa peau balotte la douce fraicheur de l'eau .
159 1011 921 1064 Mais , d'un coup , il s'arrache aux delices et galope vers le bois
162 1056 659 1100 Il a entendu grincer le volet de la ferme .
162 1090 877 1140 Il sait que le volet grince quand on l'ouvre avec précaution .
165 1135 672 1183 Jaume tire au jugé son coup de chevrotines .
