1024 1355
791 31 835 125 161
309 92 463 132 CONVERSATIONS
68 160 631 206 - Moi, le mien , je l'ai demamer a dix huits mois .
67 203 513 240 - Allez , de tèter , ça les fait roter .
67 237 806 284 - Un qui sait c'est pas pareil a un qui sait pas . si tu me l'avais
67 276 404 310 dit , a moi qui sait tout ça .
66 312 793 355 - Il est toujours avec l'Huguette Rouvaire ; c'est quelque chose .
66 347 412 388 - J'aurais gagné deux billets .
66 386 806 430 - Ca a au moins trois cents metres de long et cent de large ; on le
63 423 249 458 voit du chemin .
63 457 530 497 - On fait une coupe tous les vingts ans .
63 495 846 542 - Moi , au mien , je lui ai porté un verre d'eau sucré ; situ as soit ,
63 537 314 569 bois ; si non , dors .
63 569 813 617 - Si on les fait teter , on leur rend un mauvais service ; et puis ,
62 606 365 666 a vous , ça vous fait mal .
874 670 921 735 162
193 746 905 791 La vision d'un visage se fait dans l'ordre suivant : (visage de
193 789 847 836 femme ) I° Les yeux , leur couleur , les cils leur ombre .
291 826 457 861 2° Les narines
291 862 718 906 3° Les levres leur couleur leur dessin
291 903 518 934 4° La forme du nez .
291 938 532 975 5° La forme du menton
292 976 523 1018 6° L'ovale du visage
