1024 1355
309 92 154 40 CONVERSATIONS

68 160 563 46 - Moi, le mien , je l'ai demamer a dix huits mois .

67 203 446 37 - Allez , de tèter , ça les fait roter .

67 237 739 47 - Un qui sait c'est pas pareil a un qui sait pas . si tu me l'avais

67 276 337 34 dit , a moi qui sait tout ça .

66 312 727 43 - Il est toujours avec l'Huguette Rouvaire ; c'est quelque chose .

66 347 346 41 - J'aurais gagné deux billets .

66 386 740 44 - Ca a au moins trois cents metres de long et cent de large ; on le

63 423 186 35 voit du chemin .

63 457 467 40 - On fait une coupe tous les vingts ans .

63 495 783 47 - Moi , au mien , je lui ai porté un verre d'eau sucré ; situ as soit ,

63 537 251 32 bois ; si non , dors .

63 569 750 48 - Si on les fait teter , on leur rend un mauvais service ; et puis ,

62 606 303 60 a vous , ça vous fait mal .

193 746 712 45 La vision d'un visage se fait dans l'ordre suivant : (visage de

193 789 654 47 femme ) I° Les yeux , leur couleur , les cils leur ombre .

291 826 166 35 2° Les narines

291 862 427 44 3° Les levres leur couleur leur dessin

291 903 227 31 4° La forme du nez .

291 938 241 37 5° La forme du menton

292 976 231 42 6° L'ovale du visage

791 31 44 94 161

874 670 47 65 162
