1024 1395
148 59 751 50 un gland dans la main ; la belette darde son museau dans le vent ;

148 99 745 47 une goutte de sang brille au bout de sa moustache ; le renard lit

148 142 453 42 dans l'herbe l'itinéraire des perdrix .

148 174 714 44 La laie gronde sous les genevriers ; les sangliots , la bouche

148 215 714 50 pleine de lait , pointent l'oreille vers les grands arbres qui

148 265 165 36 gesticulent .

150 285 757 52 Puis , le vent depasse les arbres , le silence apaise les feuilla-

151 330 599 48 -ges , du museau grognon ils cherchent les tétines .

151 438 760 54 La sauvagine et les gens des Bastides se rencontrent sur la source

152 481 753 46 cette eau qui coule du rocher , si douce aux langues et aux poils.

151 520 736 49 Dès la nuit , c'est dans la lande , la reptation , patte pelue ,

152 562 385 41 vers la chanteuse et la fraiche .

152 597 578 44 Et , de jour aussi , quand la soif est trop dure .

153 635 511 46 Le sanglier solitaire hume vers les fermes .

155 680 386 36 Il connait l'heure de la sieste .

157 702 747 54 Il trotte un grand detour sous les frondaisons , puis de la corne

155 754 398 41 la plus rapprochée , il s'élance .

155 781 751 50 Le voila . Il se ventre sur l'eau . La boue est contre son ventre

157 820 728 55 La fraicheur le traverses d'outre en outre , de son ventre a son

158 874 102 35 échine .

159 906 225 40 Il mord la source .

164 938 72 24 ~~~

159 935 589 62 Entre sa peau balotte la douce fraicheur de l'eau .

159 1011 762 53 Mais , d'un coup , il s'arrache aux delices et galope vers le bois

162 1056 497 44 Il a entendu grincer le volet de la ferme .

162 1090 715 50 Il sait que le volet grince quand on l'ouvre avec précaution .

165 1135 507 48 Jaume tire au jugé son coup de chevrotines .

509 32 20 27 2

954 41 18 57 3
