1024 1378
448 287 593 321 Papiers CURIE
496 354 526 380 XXV
467 393 588 429 Marie CURIE
475 466 574 501 _Radioactivité
440 535 687 573 Premières copies dactylographiées
434 567 652 594 avec corrections autographes
507 594 597 628 Incomplètes
332 742 799 778 F. 1-258. Première frappe, incomplète, portant de nombreuses cor-
333 773 798 801 rections aut. de Marie Curie et d'Irène Joliot-Curie et plusieurs
333 794 832 825 feuillets entièrement manuscrits ayant servi pour la seconde frappe. -
332 818 798 848 F. 259 - 391. Autre jeu de cette première frappe, incomplet, avec
332 844 733 877 correction aut. de Marie Curie et d'Irène Joliot Curie.
721 950 779 997 391 ff.
