1024 1413
351 177 87 58 ~~~

444 163 107 61 ~~~

585 160 58 62 ~~~

339 273 71 59 ~~~

603 294 63 46 ~~~

439 340 246 50 ~~~ ~~~

324 379 84 30 _Légende-.

287 408 531 40 Fig.(3) Chambre d'ionisation à deux plateaux A et B isolés

365 441 462 33 de la cage C par les bouchons isolants a et b . Le

366 472 468 30 plateau A est relié à l'électromètre, dont le poten-

365 499 462 32 tiel diffère peu de celui du sol. Le plateau B est

365 528 468 33 relié à l'un des pôle d'une batterie d'accumulateurs,

366 558 468 30 dont l'autre pôle est relié au sol, d'où une différen-

365 585 451 34 ce de potentiel ⟦⟧ entre les électrodes A et B .

364 615 478 31 L'ionisation est obtenue par les rayons d'une substance

364 642 454 33 radioactive portée par un plateau que l'on superpose

364 673 470 29 au plateau B . Le même appareil peut être utilisé en

364 699 492 33 reliant le plateau B au sol et le plateau A à l'élec-

362 730 476 30 trode isolée d'un électroscope dont la cage est au sol.

285 755 542 37 Fig.(4) Chambre d'ionisation dont les deux électrodes sont la

362 785 472 33 boîte B reliée à la batterie de charge et le plateau

362 816 478 30 A relié à l'électromètre. Le bouchon isolant est muni

362 846 471 28 d'un anneau de garde g relié au sol, ayant pour mis-

362 873 479 28 sion d'empêcher toute conduction directe par la surface

361 903 476 29 de l'isolant entre l'électrode A et le récipient B .

361 931 479 47 L'ionisation est produite par une substance radioactive

479 113 98 37 - 23 bis -

190 567 64 252 ~~~

794 144 22 42 9
