2549 3308
2303 146 2380 242 I.
1081 1055 1790 1141 LES SEINS , LES YEUX
1108 1166 1666 1237 ET LA CHEVELURE
805 1361 2240 1441 Plus blancs et plus gonflés de trésors que les
653 1472 2240 1554 tentes d'un émir , tes seins , ma bien-aimée , sont
653 1582 1445 1662 les tentes de mon amour .
802 1681 2242 1758 Lorsque je cache , à midi , mon visage dans ta
659 1780 2333 1860 chevelure et que je cherche ton regard , tes yeux sont
656 1885 2206 1968 les deux étoiles qui illuminent ma nuit embaumée .
808 1990 2364 2067 Si , un jour , j'apprends qu'un autre a dormi dans
656 2095 2209 2172 ta chevelure et que tes yeux ont éclairé le visage
656 2199 2237 2274 de ce maudit , je ne saisirai pas mon poignard , je
653 2301 2182 2379 n'achèterai pas du poison , mais je sifflerai mes
653 2406 984 2469 lévriers .
805 2505 2394 2594 J'irai capturer une gazelle , que je parerai de tes
656 2618 2022 2715 colliers et que je lâcherai vers un abîme .
