2480 3308
2140 129 2217 198 8.
1034 435 1440 501 LA VICTOIRE
794 639 2168 719 Elle me dit : " Qu'as-tu fait pour mériter de
615 747 1056 813 me posséder ?"
800 843 2449 917 Sa chevelure s'était répandue sur ses épaules ,et ses
615 953 1346 1022 mains me repoussaient .
800 1050 2424 1127 Elle me dit encore : " Ignores-tu que l'amour est un
620 1152 2295 1237 combat ? O le plus valeureux des hommes , accepterais-
620 1259 2005 1336 tu de triompher sans avoir livré bataille ? "
802 1364 2267 1441 Elle sourit avec dédain , puis elle recula dans
620 1469 2057 1543 l'ombre . Ses yeux rencontrèrent mes yeux . Je
623 1582 1015 1642 frissonnai .
802 1670 2361 1769 Elle répéta : " Qu'as-tu fait pour mériter que je
626 1778 2245 1852 m'abandonne dans tes bras ? Ignores-tu qu'un porteur
626 1882 2262 1948 d'étendard est toujours un guerrier courageux ? Toi ,
628 1982 2215 2064 qui a reçu plus de blessures que Dhâl , la panthère
631 2081 2176 2177 enchantée , craindrais-tu la souffrance d'amour ?"
811 2188 2237 2277 J'ai pris doucement ses mains . J'ai murmuré :
656 2307 1136 2370 "Peut-être ... "
813 2392 2223 2494 Le crépuscule commençait . Jaloux , le soleil
637 2500 2096 2629 s'était-il caché parce qu'elle avait consenti à
634 2613 1205 2734 m'apparaître nue ?
