2480 3308
2193 115 2306 198 II.
582 474 2162 565 seins de ma bien-aimée . Le vent du sud n'avait pas
582 587 1246 653 emmêlé sa chevelure .
761 686 2074 791 Marchand de parfums , ne me montre pas tes
582 796 852 909 buires .
1161 884 1473 989 LE DESTIN
766 1091 2107 1190 L'amour de la femme est l'ombre d'une palme
587 1193 2204 1295 sur le sable . L'amour de l'homme est le seul simoun
587 1298 2322 1405 qui puisse briser cette palme et fixer ainsi son ombre.
766 1400 2386 1510 Messaouda , dans la nuit de ton sépulcre , souviens-
590 1502 2289 1615 toi du jardin solitaire où je l'ai conduite , un jour !
769 1609 2262 1681 C'était un jardin entre des murailles si hautes,
593 1711 2237 1802 que les cimes de ses arbres ne les dépassaient point.
772 1813 2228 1891 C'était un jardin serti de murailles blanches ,
595 1918 2267 2026 comme une émeraude cachée dans une fleur de magnolia .
775 2020 2190 2130 Messaouda , souviens-toi du matin paisible où
595 2128 2240 2241 tu t'es courbée sous mon amour , comme une palme sous
598 2241 965 2343 le simoun !
780 2332 2124 2442 A force de souffler , le simoun recouvre de
601 2445 1572 2547 sable le rameau qu'il a brisé .
780 2536 2187 2662 O ma longue palme , que le sable du cimetière
604 2657 1081 2767 te soit léger .
