2560 3264
231 348 307 456 685
1471 320 1868 435 _CHOCOLAT _RUELLE
459 473 565 549 G.Q.
712 1009 2326 1109 6 En s'attachant à porter au maximum de rendement des moyens de
718 1117 2298 1210 contrôle rigoureux, des procédés de fabrication ultra modernes
723 1207 2279 1308 on est parvenu à obtenir un Chocolat réunissant à la fois des
726 1316 2200 1411 qualités de finesse incomparables alliées à des propriétés
718 1419 1945 1509 reconstituantes encore jamais égalées à ce jour.
715 1610 2094 1708 - Ce chocolat parfait ?.... C'est le Chocolat Ruelle !
718 1716 1847 1803 qui donne aux enfants, force, santé et joie.
715 1906 2190 2026 - Exigez le Chocolat Ruelle le chocolat de haute qualité !
1224 2118 1564 2200 -:-:-:-:-:-:-
