2560 3264
217 329 337 416 685
715 889 2443 987 - Autrefois quand je n'étais pas bien Maman me donnait de l'huile de
712 992 2423 1096 foie de morue, mais maintenant elle me donne du bon chocolat RUELLE
712 1088 2418 1191 Parce qu'elle a su que le Chocolat RUELLE avait autant de vitamines
718 1196 2467 1292 que l'huile de foie de Morue..... et puis tu parles si c'est meilleur
715 1292 1591 1389 à prendre le Chocolat RUELLE ! ! !
701 1490 960 1585 _Speaker-
984 1588 2505 1700 Chocolat RUELLE un délice et un reconstituant incomparables!
1360 1784 1694 1884 (:(::(:(:(:(
