2568 3296
244 359 285 425 68
734 972 2425 1073 - Ne cherchez pas de remèdes compliqués pour redonner à vos enfants
720 1079 1927 1172 une santé comprimise par une croissance rapide.
723 1277 1699 1370 - Donnez leur simplement du chocolat !
725 1474 2273 1568 - Mais attention du chocolat RUELLE, le seul dont l'étonnante
723 1579 2375 1680 richesse en vitamines, provient d'une sélectione sévère des fleurs
725 1680 1770 1768 de cacao qui entrent dans sa composition.
731 1870 2466 1977 - Le chocolat RUELLE c'est le chocolat de la haute qualité absolument
720 1974 1872 2073 incomparable à n'importe quel autre chocolat.
1273 2191 1627 2274 -:-:-:-:-:-:-
