2560 3264
1379 250 1752 359 _CHOCOLAT _RUELLE
288 375 364 467 685
454 467 622 579 G.Q.
720 968 2399 1060 - Donnez aujourd'hui notre pain quotidien...... et un bâton de bon
720 1071 1297 1150 Chocolat RUELLE avec !
720 1166 2489 1264 - C'est la prière qu'adressent à leurs mamans tous les petits enfants
720 1270 1526 1370 qui adorent le chocolat RUELLE.
729 1368 2421 1466 - La minutie apportée à la sélection des fèves de cacao qui entrent
723 1466 1550 1558 dans la composition du chocolat.
726 1566 2296 1664 - Le chocolat RUELLE c'est la santé et la joie de vos enfants.
1175 1776 1711 1874 -:-:-:-:-:-:-:-:-:-:-
