2686 3208
797 363 43 70 I

634 422 313 80 _Chez _A. _F.

468 572 931 77 Jacqueline fille d'Arthur Fontai-

468 641 904 80 ne me dit: Adrienne Monnier sait

468 721 853 94 que vous êtes à Paris. Elle se-

468 807 875 80 rait heureuse si vous alliez as-

465 884 875 73 sister à une audition de la mort

465 954 875 69 de _Socrate donnée par Erik Satie

462 1029 897 67 lui-même. Elle m'a dit ça hier et

460 1104 826 61 que vous pourriez y rencontrer

460 1154 848 89 Claudel qui a promis de venir à

460 1248 794 85 condition que l'on mettrait X

457 1323 928 88 ~~~ qu'il ne peut souffrir, à la

457 1403 960 83 porte si ledit X se pésente. L'ex-

457 1478 872 91 pulsion est assurée. Que dois-je

454 1553 262 77 répondre?

457 1625 974 91 -Que j'irai avec vous et votre père.

454 1705 418 67 -Où allez-vous?

452 1777 845 67 -Je suis de service à l'Hôpital

446 1852 744 62 jusqu'à une heure. Et vous?

449 1927 902 61 -Je sors avec vous. Frédéric Mas-

446 1975 902 80 son s'est décidé à me recevoir ce

446 2050 926 91 matin à 11h. Il me le fait savoir

444 2133 339 69 à l'instant.

444 2197 553 88 -Vous le connaissez?

441 2277 168 96 -Non!

438 2368 313 83 -A bientôt.

438 2446 848 77 -Vous avez du monde à déjeuner?

436 2523 709 64 -Hymans le ministre belge.

436 2590 181 67 -Bien.

436 2667 369 70 -Et Seignobos

436 2748 176 61 -Merde

1040 205 632 86 PARALLELISME

2025 339 37 110 I

1888 446 254 88 _Chez _moi

2041 521 591 85 Fête de J. d'Arc 1929

1538 569 1123 110 Bordachoury me dit: Monsieur, voulez-vous

1540 665 1103 78 m'acheter des anguilles? Je viens de le-

1516 740 1116 78 vers les cordeaux que j'avais tendus dans

1514 812 329 62 la Joyeuse.

1511 882 498 67 Je dis à ma femme:

1514 935 1115 96 -Achète trois kilos d'anguilles. Mais, tu

1514 1018 1089 83 sais, je les veux frites et dorées comme

1511 1098 1113 80 la dernière fois avec du persil dessus...

1524 1162 792 83 dorées et pas trop cuites.

1508 1240 1089 85 -Mais ne penses-tu pas que nous en ayons

1511 1317 607 83 trop avec trois kilos?

1506 1400 1147 78 -Non, car je les aime beaucoup et Salagaï-

1506 1467 628 104 ty doit venir déjeuner.

1506 1561 706 77 -Tu ne me l'avais pas dit.

1503 1633 1137 77 -J'avais oubliré. Je l'ai invité hier soir.

1500 1708 1095 75 Il vient passer la journée à Hasparren à

1500 1785 792 62 cause de la partir de pelote.

1500 1836 792 86 -Quel vin faudra-t-il sortir?

1498 1927 1115 86 -Bordeaux blanc pour les anguilles; rouge

1495 2007 1089 78 pour le rôti. Mais tu sais que Salagoïty

1492 2077 1012 72 ne boit pas moins de trois bouteilles

1492 2154 1095 67 d'ordinaire pour sa consommation person-

1490 2202 1142 97 nelle. Tu mettras donc du vin de Mendionde

1492 2283 1033 88 dans les carafes. Quelle here est-il?

1490 2376 1121 91 -Il est dis heures moins le quart. Tu fe-

1487 2454 1067 88 ras bien de t'en aller tout de suite si

1490 2531 1003 94 tu ne veux pas arriver en retard à la

1484 2603 337 99 grand messe.

2471 184 67 48 1
