2644 3198
359 127 901 83 n'écrivez-vous pas des vers comme

359 215 472 59 Leconte de Lisle?

359 341 816 64 -Parce que je ne suis pas lui.

706 277 98 66 Moi

357 463 1007 67 -Je le sais fichtre bien! Quel poète!

706 394 122 80 F.M.

357 535 1031 72 Pas un poème sur Dieu... Hier j'ai prê-

354 607 1007 75 té les Poèmes barbares à un neveu qui

354 684 930 88 est évacué dans une ~~~ que je

354 770 1029 82 dirige. Encore un surcroît formidable.

354 842 999 82 Tout me retombe sur le dos. Lamy, lui,

351 919 984 72 est secrétaire Rach... Kuch Hum Rhum

351 988 923 64 -d'un général. C'est plus commode.

351 1063 952 56 Donc ce fichu neveu il a été évacué

351 1119 1002 82 du front et maintenant parce qu'il se

349 1204 954 69 sent mieux ne s'est-il pas mis dans

349 1292 1004 64 la tête de me demander une permission

349 1364 980 64 de vingt quatre heures pour aller se

349 1439 933 66 balader dans Paris. Haaach Puf Puf

346 1513 952 67 Puf. Je vous assure, cher monsieur,

346 1588 904 66 que je lui ai rentré son désir de

346 1662 954 67 permission! Il a voulu insister. Je

341 1737 933 56 lui ai dit: si tu persistes, je te

343 1814 960 83 fais fiche au bloc. J'étais fou fu-

341 1889 1007 83 rieux. Il a failli me faire mourir de

338 1964 936 82 colère. Permettez-moi de reprendre

338 2038 880 86 mon travail : l'inventaire de la

581 2116 717 95 chambre à coucher de José-

338 2190 184 88 phine.

629 2307 263 104 _Chez _A.F.

335 2446 1032 93 -Monsieur, je suis tout à fait heureux

653 2411 186 59 Hymans

335 2539 525 64 de vous rencontrer.

335 2659 389 88 -Et moi, vous.

706 2609 109 63 Moi

626 2736 181 62 Hymans

335 2758 1032 88 -Vous comptez tant d'amis et d'admira-

357 2840 1002 88 teurs en Belgique. Braun, Van Mon...

333 2966 954 82 -Je suis très touché de ces amitiés

703 2918 99 82 Moi

2369 79 27 56 3

1801 2305 291 112 _A _déjeuner

1455 2435 1010 110 -Les anguilles sont tout ce qu'il y a

1831 2414 258 59 Salagoïty

1476 2534 1010 91 de meilleur au monde. Est-ce vous qui

1476 2609 480 85 les avez pêchées?

1455 2699 1085 99 -Non. C'est Bordachoury qui les a prises

1852 2688 104 56 Moi

1473 2790 1037 85 au cordeau. En Béarn, je les tirais de

1471 2875 1015 75 l'eau sans hameçon avec une pelote de

1447 2939 1055 120 gros vers à un cordillon et je
