2644 3198
2369 79 2396 135 3
359 127 1260 210 n'écrivez-vous pas des vers comme
359 215 831 274 Leconte de Lisle?
706 277 804 343 Moi
359 341 1175 405 -Parce que je ne suis pas lui.
706 394 828 474 F.M.
357 463 1364 530 -Je le sais fichtre bien! Quel poète!
357 535 1388 607 Pas un poème sur Dieu... Hier j'ai prê-
354 607 1361 682 té les Poèmes barbares à un neveu qui
354 684 1284 772 est évacué dans une ~~~ que je
354 770 1383 852 dirige. Encore un surcroît formidable.
354 842 1353 924 Tout me retombe sur le dos. Lamy, lui,
351 919 1335 991 est secrétaire Rach... Kuch Hum Rhum
351 988 1274 1052 -d'un général. C'est plus commode.
351 1063 1303 1119 Donc ce fichu neveu il a été évacué
351 1119 1353 1201 du front et maintenant parce qu'il se
349 1204 1303 1273 sent mieux ne s'est-il pas mis dans
349 1292 1353 1356 la tête de me demander une permission
349 1364 1329 1428 de vingt quatre heures pour aller se
349 1439 1282 1505 balader dans Paris. Haaach Puf Puf
346 1513 1298 1580 Puf. Je vous assure, cher monsieur,
346 1588 1250 1654 que je lui ai rentré son désir de
346 1662 1300 1729 permission! Il a voulu insister. Je
341 1737 1274 1793 lui ai dit: si tu persistes, je te
343 1814 1303 1897 fais fiche au bloc. J'étais fou fu-
341 1889 1348 1972 rieux. Il a failli me faire mourir de
338 1964 1274 2046 colère. Permettez-moi de reprendre
338 2038 1218 2124 mon travail : l'inventaire de la
581 2116 1298 2211 chambre à coucher de José-
338 2190 522 2278 phine.
629 2307 892 2411 _Chez _A.F.
1801 2305 2092 2417 _A _déjeuner
653 2411 839 2470 Hymans
1831 2414 2089 2473 Salagoïty
335 2446 1367 2539 -Monsieur, je suis tout à fait heureux
1455 2435 2465 2545 -Les anguilles sont tout ce qu'il y a
335 2539 860 2603 de vous rencontrer.
1476 2534 2486 2625 de meilleur au monde. Est-ce vous qui
706 2609 815 2672 Moi
1476 2609 1956 2694 les avez pêchées?
335 2659 724 2747 -Et moi, vous.
1852 2688 1956 2744 Moi
626 2736 807 2798 Hymans
1455 2699 2540 2798 -Non. C'est Bordachoury qui les a prises
335 2758 1367 2846 -Vous comptez tant d'amis et d'admira-
1473 2790 2510 2875 au cordeau. En Béarn, je les tirais de
357 2840 1359 2928 teurs en Belgique. Braun, Van Mon...
1471 2875 2486 2950 l'eau sans hameçon avec une pelote de
703 2918 802 3000 Moi
333 2966 1287 3048 -Je suis très touché de ces amitiés
1447 2939 2502 3059 gros vers à un cordillon et je
