2694 3198
344 258 1099 77 -Vous ne me reconnaissez pas en uniforme,

504 178 893 101 Le neveu de Claudel (jeune major)

362 338 960 69 maître? Je viens de faire la guerre

365 415 973 67 avec ce petit bâton basque makhila .

365 482 1030 85 Vous me l'aviez donné aux Eaux-Chaudes

360 548 605 78 lorsque j'étais petit.

338 668 1051 91 -A la bonne heure! Vous aussi vous êtes

757 628 101 59 Moi

360 756 373 78 bien portant!

330 882 1006 77 -Je vous quitte. Les deux salles sont

573 836 523 59 Le neveu de Claudel

328 954 978 82 combles. Je n'ai trouvé de place que

325 1031 1030 80 dans cette sorte de réduit où l'on est

325 1108 1051 80 entassé comme des harengs -mais debout!

325 1180 1054 85 tout derrière le piano. Mais j'aurai le

322 1257 1006 78 plaisir de vous faire face par dessus

320 1332 949 88 le dos de Satie et de la chanteuse.

424 1460 741 99 Ta ta t a ta ta ta ta ta ta

613 1415 336 58 La chanteuse

421 1569 717 80 Ta ta ta ta ta ta ta ta ta

608 1535 288 61 Erik Satie

418 1705 715 77 Ta ta ta ta ta ta ta ta ta

605 1644 341 74 La chanteuse

416 1825 714 93 Ta ta ta ta ta ta ta ta ta

605 1780 285 64 Erik Satie

600 1910 341 78 La chanteuse

384 2014 450 96 cet agnus castis

813 1950 550 78 asseoir à l'ombre de

597 2108 288 53 Erik Satie

410 2153 712 66 Ta ta ta ta ta ta ta ta ta

597 2211 333 78 La chanteuse

402 2273 953 82 Socrate est le plus doux des hommes

589 2350 291 69 Erik Satie

402 2422 715 77 Ta ta ta ta ta ta ta ta ta

586 2505 344 58 La chanteuse

400 2550 448 85 Il a bu la ciguë

586 2625 286 61 Erik Satie

397 2657 477 77 Ta ta ta ta ta ta

581 2747 339 56 La chanteuse

397 2792 683 75 Déjà le sang se refroidit

584 2872 285 59 Erik Satie

394 2920 472 67 Ta ta ta ta ta ta

578 3000 339 59 La chanteuse

389 3048 907 64 Il pose la main sur sa cuisse qui

1576 205 1008 114 Janvier puise la sienne à deux doigts

1573 303 875 88 de Samos. Mais cet animal-là m'a

1576 381 1008 69 transporté. Je l'ai entendu prononcer

1571 450 1032 72 sur la tombe d'un pelotari de ses amis

1571 525 1008 71 une courte allocution. Il n'a presque

1568 596 1011 72 rien dit... le jeu de paume... le so-

1565 671 907 83 leil se levant sur les bois... la

1568 751 952 80 trstesse du stade apprenant la mort

1565 820 1032 80 subite du champion. C'était beau comme

1565 898 656 66 de l'anthologie grecque.

1539 1018 920 77 -Il fait une tournée en Argentine.

1827 956 261 78 Salagoïty

1539 1148 1000 83 -Je n'en doute pas, mais je pense que

1883 1108 98 51 Moi

1557 1223 848 72 ce n'est pas une tournée sèche.

1533 1345 1006 78 -Monsieur, il y a une jeune fille qui

1720 1300 528 64 La femme de chambre

1555 1420 1010 80 veut parler à monsieur. Elle est déjà

1555 1497 842 72 venue hier. Vous n'y étiez pas.

1531 1617 493 69 -Faites-la entrer.

1872 1569 101 64 Moi

1709 1697 395 61 La jeune fille

1677 1750 24 48 .

1525 1838 470 91 -Que voulez-vous?

1867 1828 101 50 Moi

1707 1934 392 72 La jeune fille

1664 2012 147 34 .....

1523 2102 973 83 -Si vous ne me dites pas ce que vous

1861 2070 107 48 Moi

1541 2179 288 75 désirez...

1699 2254 394 69 La jeune fille

1659 2329 117 58 ....

1515 2401 418 96 -Mais parlez...

1859 2385 98 72 Moi

1512 2553 1024 85 -J'aurais préféré de parler, monsieur,

1696 2486 397 88 La jeune fille

1531 2635 421 85 en particulier.

1509 2752 976 72 -Mais non, ma fille! Vous voyez bien

1851 2704 101 62 Moi

1531 2830 954 69 que je suis à table. Dites-moi sans

1528 2899 1061 72 crainte ce que vous voulez. Ni ma femme

1525 2976 1062 78 ni M. Salagoïty ni ma fille ni la femme

1528 3054 288 61 de chambre

2243 93 106 64 5
