2694 3198
504 178 1397 279 Le neveu de Claudel (jeune major)
1576 205 2584 319 Janvier puise la sienne à deux doigts
344 258 1443 335 -Vous ne me reconnaissez pas en uniforme,
1573 303 2448 391 de Samos. Mais cet animal-là m'a
362 338 1322 407 maître? Je viens de faire la guerre
1576 381 2584 450 transporté. Je l'ai entendu prononcer
365 415 1338 482 avec ce petit bâton basque makhila .
1571 450 2603 522 sur la tombe d'un pelotari de ses amis
365 482 1395 567 Vous me l'aviez donné aux Eaux-Chaudes
1571 525 2579 596 une courte allocution. Il n'a presque
360 548 965 626 lorsque j'étais petit.
1568 596 2579 668 rien dit... le jeu de paume... le so-
757 628 858 687 Moi
338 668 1389 759 -A la bonne heure! Vous aussi vous êtes
1565 671 2472 754 leil se levant sur les bois... la
360 756 733 834 bien portant!
1568 751 2520 831 trstesse du stade apprenant la mort
573 836 1096 895 Le neveu de Claudel
1565 820 2597 900 subite du champion. C'était beau comme
330 882 1336 959 -Je vous quitte. Les deux salles sont
1565 898 2221 964 de l'anthologie grecque.
328 954 1306 1036 combles. Je n'ai trouvé de place que
1827 956 2088 1034 Salagoïty
325 1031 1355 1111 dans cette sorte de réduit où l'on est
1539 1018 2459 1095 -Il fait une tournée en Argentine.
325 1108 1376 1188 entassé comme des harengs -mais debout!
1883 1108 1981 1159 Moi
1539 1148 2539 1231 -Je n'en doute pas, mais je pense que
325 1180 1379 1265 tout derrière le piano. Mais j'aurai le
1557 1223 2405 1295 ce n'est pas une tournée sèche.
322 1257 1328 1335 plaisir de vous faire face par dessus
1720 1300 2248 1364 La femme de chambre
320 1332 1269 1420 le dos de Satie et de la chanteuse.
1533 1345 2539 1423 -Monsieur, il y a une jeune fille qui
613 1415 949 1473 La chanteuse
1555 1420 2565 1500 veut parler à monsieur. Elle est déjà
424 1460 1165 1559 Ta ta t a ta ta ta ta ta ta
1555 1497 2397 1569 venue hier. Vous n'y étiez pas.
608 1535 896 1596 Erik Satie
421 1569 1138 1649 Ta ta ta ta ta ta ta ta ta
1872 1569 1973 1633 Moi
1531 1617 2024 1686 -Faites-la entrer.
605 1644 946 1718 La chanteuse
418 1705 1133 1782 Ta ta ta ta ta ta ta ta ta
1709 1697 2104 1758 La jeune fille
1677 1750 1701 1798 .
605 1780 890 1844 Erik Satie
416 1825 1130 1918 Ta ta ta ta ta ta ta ta ta
1867 1828 1968 1878 Moi
1525 1838 1995 1929 -Que voulez-vous?
600 1910 941 1988 La chanteuse
813 1950 1363 2028 asseoir à l'ombre de
1707 1934 2099 2006 La jeune fille
1664 2012 1811 2046 .....
384 2014 834 2110 cet agnus castis
1861 2070 1968 2118 Moi
597 2108 885 2161 Erik Satie
1523 2102 2496 2185 -Si vous ne me dites pas ce que vous
410 2153 1122 2219 Ta ta ta ta ta ta ta ta ta
1541 2179 1829 2254 désirez...
597 2211 930 2289 La chanteuse
402 2273 1355 2355 Socrate est le plus doux des hommes
1699 2254 2093 2323 La jeune fille
1659 2329 1776 2387 ....
589 2350 880 2419 Erik Satie
1859 2385 1957 2457 Moi
402 2422 1117 2499 Ta ta ta ta ta ta ta ta ta
1515 2401 1933 2497 -Mais parlez...
586 2505 930 2563 La chanteuse
1696 2486 2093 2574 La jeune fille
400 2550 848 2635 Il a bu la ciguë
1512 2553 2536 2638 -J'aurais préféré de parler, monsieur,
586 2625 872 2686 Erik Satie
1531 2635 1952 2720 en particulier.
397 2657 874 2734 Ta ta ta ta ta ta
1851 2704 1952 2766 Moi
581 2747 920 2803 La chanteuse
1509 2752 2485 2824 -Mais non, ma fille! Vous voyez bien
397 2792 1080 2867 Déjà le sang se refroidit
1531 2830 2485 2899 que je suis à table. Dites-moi sans
584 2872 869 2931 Erik Satie
394 2920 866 2987 Ta ta ta ta ta ta
1528 2899 2589 2971 crainte ce que vous voulez. Ni ma femme
578 3000 917 3059 La chanteuse
1525 2976 2587 3054 ni M. Salagoïty ni ma fille ni la femme
389 3048 1296 3112 Il pose la main sur sa cuisse qui
1528 3054 1816 3115 de chambre
