2544 3256
857 222 1248 309 LE LOUP
809 352 879 393 ---
982 347 1322 420 ------------
233 488 1278 572 Le loup n'a plus les dents longues
241 588 925 675 Au temps des aubépines
233 694 1058 778 Les yeux lueurs de brasier,
236 800 822 879 Eclatantes étoiles,
233 892 1118 982 Figures de lac et de torrent,
230 998 643 1082 Neige, forêt,
233 1085 1428 1180 Et sur tout celà, comme dans les images
233 1188 1243 1280 La zébrure d'un ruisseau de sang,
236 1286 1542 1389 Un traîneau fuyant au loin vers les forêts,
236 1381 1091 1476 La voix d'une petite fille :
233 1495 1096 1579 Loup, y es-tu, n'y es-tu pas
236 1600 942 1695 Au temps des aubépines,
241 1701 1091 1785 Au temps des pommes de pin.-
