1588 2000
438 278 1026 62 Le Gouverneur ne se contentait pas de rejeter les renseigne-

353 348 1093 50 ments, émanant de mon cabinet, qu'il lui était pourtant si fa-

353 411 1021 47 cile de contrôler, il avait frappé de suspicion toutes les

351 471 1110 52 communications que j'adressais au G.Q.G. J'ai pu prendre copie

351 528 1111 52 au Ministre de l'Intérieur du télégramme suivant, le seul qu'on

350 591 1107 49 y ait retrouvé, toutes mes dépèches et les documents relatifs à

351 653 1090 48 la guerre ayant été détruits ou emportés par les destinataires

353 715 429 46 ou leurs collaborateurs:

643 833 758 45 Général Gouverneur à Guerre et Intérieur -

538 895 801 51 Bordeaux - Grand Quartier Général, Gouverneur

642 953 227 45 Paris N° 46I

522 1043 917 48 Assertions contenuss dans télégrammes 3I4I du Préfet

432 1103 974 52 du Nord sont sûrement erronées, la gendarmerie de Pope-

433 1168 973 45 ringhe celle de Wormhoudt, le bourgmestre de Roosbrughe

433 1228 988 45 me font connaître par téléphone qu'ils n'ont rien vu ces

433 1288 1024 50 jourc-ci. Ai invité Préfet à s'abstenir transmettre asser-

435 1346 602 54 tions sans vérification préalable.

433 1465 918 50 Il n'est pas surprenant que mes informations, taxées

341 1530 1081 46 d'inexactitude, fussent l'obdet des plaisanteries des bureaux

341 1590 1130 48 de l'Etat Maior, dont elles démentaient les prévisions. Il était

343 1651 1006 45 convenu que je confondais les cuisines roulantes avec les

343 1713 1074 52 canons. J'en sus confidence à mon retour de captivité, par le

1289 168 98 55 (I57)
