1595 2000
343 256 1087 59 rendre compte si la harangue présidentielle autorisait les al-

345 328 1068 47 lusions, que contenait le modeste toast que j'avais préparé, à

345 388 688 47 la Mission diplomatique de M. Poincaré.

430 445 1020 46 En attendant le moment fixé pour nous rendre à terre, j'ac-

345 503 1121 52 compagnai ce dernier et M. Steeg dans leur promenade sur la pla-

343 565 1073 50 ge du bateau et je garde comme un souvenir amusant une photo-

343 623 1123 50 graphie qui nous représente riant tous les trois d'un rire dénué

343 685 1108 50 de toute contrainte. Cette gaieté aurait plongé dans un profond

343 745 1087 51 étonnement la foule qui n'a jamais contemplé M. Poincaré et M.

343 808 793 47 Steeg que sous un masque de sevère austerité.

431 865 1022 50 Au débarquement l'accueil fut débordant d'enthousiasme. Le

345 928 1108 50 sentiment patriotique faisait vibrer tous les coeurs. A l'arri-

345 988 1093 50 vée à l'Hôtel de Ville les acclamations redoublèrent, M. Poin-

346 1050 1092 51 caré semblait vivement touché de ces ovations qui provoquèrent

346 1105 1124 56 une confidence dont je devais me souvenir l'année suivante. "Ils

346 1168 1119 53 ne savent pas, glissa discrètement, croyant ne pas être entendu,

345 1225 1111 56 à l'oreille d'un de ses collègues, un secrétaire du Président du

345 1288 1095 55 Conseil, ils ne savent pas qu'ils acclament le futur Président

346 1356 325 50 de la République."

431 1406 1007 57 Le beau discours que M. Poincaré prononça au banquet sou-

345 1468 1093 58 leva l'admiration de tous les convives. Avec un art consommé et

346 1530 1110 55 sans prêter à la critique de nos irritables voisins de l'Est il

348 1595 1125 50 apportait à ses auditeurs le plus précieux réconfort en exaltant

348 1655 1040 60 leur foi dans l'avenir. Je n'admirai pas seulement la belle

1345 136 61 65 (4)
