1594 2000
340 266 1095 54 député Simon qui servait à Dunkerque en qualité d'Officier. Le

340 333 1113 52 duc de Rohan, me dit-il, qui avait assisté aux explosions d'hi-

340 395 1027 50 larité qu'avaient provoqué certaines de mes dépêches avait

341 455 1094 51 manifesté plus tard au Palais-Bourbon en sa présence le regret

343 515 689 50 qu'on ne les eut pas prises au sérieux.

425 573 958 53 Le 16 septembre j'adressai au Ministre de la Guerre ce

343 640 153 53 rapport:

723 698 382 47 Monsieur le Ministre.

510 751 962 54 J'ai l'honneur de vous faire connaître qu'on se montre

428 811 922 57 généralement surpris de l'inaction de la garnison de

426 875 942 50 Dunkerque qui aurait pu mettre un sérieux obstacle au

430 935 1023 55 ravitaillement de l'armée aliemande en intervenant sur ses

430 998 812 52 lignes de communication de Belgique en France.

511 1058 891 50 Pendant la bataille de la Marne, la circulation des

431 1118 989 52 automobiles allemandes a été particulièrement active sur

431 1178 1006 52 les routes N° 3 de Tournai à Orchies et N° I de Orchies à

430 1240 938 50 St-Amand, qui passent à quelques kilomètres de Lille.

426 1295 1064 60 Avant-hier un énorme convoi le sillonnait, escorté seulement

430 1361 993 50 d'une poignée d'hommes. Un millier de soldats ayant à sa

430 1421 992 52 disposition des autos aurait a suffi, selon le commodore

431 1481 1007 55 anglais qui est venu à Lille avec ses mitrailleuses, pour

433 1545 937 53 entraver les mouvements de l'armée ennemie dans notre

433 1615 133 48 région.

513 1660 927 56 Les populations sont profondément humiliées de cons-

433 1726 975 54 tater qu'elles sont à la merci de quelques cavaliers ou

433 1783 1044 67 cyclistes qui parcourent le pays comme s'il était définiti-

1313 145 99 56 (I58)

1213 1833 85 73 ~~~
