1591 2000
318 258 1074 63 à le déclarer, de l'excellente impression qu'il rapportait de

321 326 1126 57 son vaoyage à Petersbourg. Il eut même l'amabilité de me retenir

323 386 1124 57 quand, après l'échange des politesses d'usage, je me préparais à

321 450 1143 53 le laisser en tête à tête avec son Ministre et j'eus l'honneur et

323 510 1109 55 la joie de l'entendre parler, sur un ton de cordialité que je ne

325 573 1120 55 lui connaissais pas, de son séjour à la Cour de l'Empire du Nord.

396 631 1099 55 "Il était nécessaire que je me rendisse en Russie et Bourgeois.

326 691 1126 57 qui m'a vivement poussé à partir, ne s'est pas mépris sur l'uti-

325 751 1160 57 lité de ma visite et j'en rapporte la conviction de l'inébranlable

325 810 1160 60 fidélité du Tzar à notre alliance." Et, sans dévoiler la nature des

326 868 1128 63 questions qu'il avait traitées et dont il laissait deviner l'im-

326 931 1094 59 portance, il ajouta: "Je reviens avec la certitude que, si à la

325 991 1095 60 Cour de Russie tout le monde n'est pas aussi francophile qu'on

326 1056 1111 57 pourrait le souhaiter, nous avons pour nous l'Empereur. Je veux

326 1115 1113 60 croire que l'Impératrice partage ses sentiments. Elle m'a fait

328 1176 1146 57 un excellent accueil, mais on ne m'a pas caché qu'elle avait déçu

328 1238 1147 60 l'armée en n'assistant pas à la revue que le Tzar a passée en mon

328 1300 1131 60 honneur. J'ai tout lieu de croire qu'elle était réellement souf-

331 1365 706 55 frante le jour de cette superbe parade."

418 1420 1057 58 Après avoir écouté avac le plus vif intérêt ces paroles, qui

331 1476 1113 64 étaient d'un excellent présage pour l'amélioration de nos rela-

333 1540 1111 60 tions internationales, je me levai pour prendre connaissance du

331 1601 1129 57 discours de M. Poincaré dont dressaient déjà copié dans la salle

331 1661 1129 62 du Commandant les correspondants de l'Agence Havas et du Journal

338 1721 1107 67 "Le temps". J'avais quelques mots à dire et je tenais à me ren-

1325 138 62 67 (3)
