3830 5307
3281 420 3343 557 3
1198 681 2573 822 LES TROIS VAGUES
1689 906 2047 990 --------
1371 1083 2538 1207 Drame musical en trois actes
1729 1238 2047 1335 -------
1605 1401 2131 1521 ACTE Ier
455 1680 769 1875 _Décor  !
1114 1667 3409 1786 La salle au rez de chaussée de la maison de Jean sur les
928 1799 3409 1932 hauteurs de Socoa, près de ~~~ et de St-Jean de Luz. In-
937 1941 3498 2056 térieur de paysan aisé. Jean après avoir été pêcheur est main-
942 2065 3409 2197 tenant sandalier. Le mobilier est rustique, mais cossu néan-
937 2211 3374 2330 moins. quelques vieux meubles basques aux rayons sculptés. Au
942 2330 3374 2454 fond une large baie vitrée par où l'on aperçoit la mer et un
946 2467 3343 2573 soleil couchant tourmenté de nuages sinistres. Un escalier
946 2591 3370 2724 en bois sculpté part à gauche et monte directement à l'étage
950 2728 3343 2848 supérieur où sont les chambres. La pomme de l'escalier re-
946 2865 3427 2980 présente une chimère sculptée. A gauche au pied de l'escalier
950 2994 3511 3117 une porte qui conduit à l'arrière cuisine, à droit un vaste
950 3131 3228 3246 cheminée paysanne avec de beaux chenets en fer forgé. Au
946 3259 3263 3374 plafond sont suspendus à des claies avec des fromages, des
950 3392 3347 3507 jambons entourés de toiles, des gerbes de piments écarlates
950 3515 3343 3644 et d'autres ~~~. Au centre de la pièce une grande table
950 3657 3471 3772 de forme ancienne et sculptée. A droite et à gauche de la baie
955 3790 3352 3896 un meuble et un coffre basque aux rayons sculptés. Sur ces
950 3913 3462 4033 meubles quelques ~~~ des étains et des cuivres. Au lever
959 4051 3312 4170 du rideau Jean est assis à droite devant l'âtre, un établi
959 4179 3334 4298 de sandalier entre les jambes. ~~~ travaille, la tête basse,
955 4307 3277 4431 Maiten debout à l'angle droit de l'âtre le considère. ~~~
959 4440 3427 4581 entend au loin, la mer démontée, le bruit des vagues et celui
964 4599 1322 4705 du vent.
