3830 5307
2994 398 3140 499 -9-
840 597 3153 712 pales, deux grands drapeaux de soie aux couleurs éteintes
840 734 3188 840 avec des armes gigantesques. Suivent deux hérauts d'armes
844 871 3113 964 avec de petites vestes flottantes en soie cerise et, sur
840 990 3228 1105 l'épaule, une massue d'argent, suivent l'_alcade en tenue de
844 1127 3263 1233 cérémonie et ses deux adjoints en culotte, puis des thurifé-
844 1260 3219 1366 raires et des porteurs de lanternes fichées sur des bâtons.
840 1397 3157 1499 Puis la statue de St-Michel grossièrement peinturlurée et
844 1530 3193 1631 dorée. Il terrasse un dragon effrayant, on le distingue à
835 1662 3193 1769 peine au milieu de multiples cierges allumés. Deux hommes
840 1799 3272 1901 le portent; suit le Curé en chappe et ses vicaires, quelques
840 1928 3237 2034 prêtres en surplis, le bedeau et sa chaîne, puis 8 porteurs
840 2060 3294 2171 de mousquets en pantalons blancs, ceintures et bérets rouges;
844 2189 3117 2290 ils tirent des salves de temps en temps. Deux alguazils
840 2326 3268 2427 piteux, en culotte,ferment la marche, les gamins les harcè-
840 2458 3303 2556 lent. Suit le peuple. Les femmes sont vêtues à la mode bas-
844 2587 3193 2697 quaise espagnole du commencement du siècle, petit corselet
840 2719 3263 2830 serrant la taille et nattes dans le dos. Quelques-unes por-
844 2852 3228 2954 tent déjà le petit foulard de france. Elles ont toutes sur
840 2980 3224 3095 le bras un voile ou châle noir qu'elles mettront toutes sur
840 3117 3268 3224 leur tête avec un beau mouvement d'ensemble avant d'entrer à
840 3237 3153 3361 l'église. Les hommes sont vêtus de _pantalons _longs, sauf
840 3378 3343 3484 quelques vieillards qui portent encore la culotte, les cheveux
840 3520 3232 3613 longs et la veste à cols énormes, mais la majorité porte la
835 3635 3303 3754 petite veste de Navarre et de Guipuscoa bleue à doublure rou-
835 3772 3188 3891 ge. Les chemises sont éclatantes de blancheur, les bérets
835 3918 3224 4015 généralement bleus ou marrons. Ils portent tous ou presque
840 4046 3268 4152 tous le makila, mais le makila de berger, long et mince dans
840 4174 3184 4285 le bout. La foule prie et récite les litanies à St-Michel
835 4307 3263 4413 archange. Pendant les trois premières reprises de la marche
835 4444 3224 4546 populaire, la procession fait le tour de la place, les clo-
840 4572 3294 4679 ches ne sonnent que pendant la première reprise. Avant d'at-
835 4705 3255 4807 teindre le peron de l'église, les mousquets font une salve,
831 4833 3263 4944 les danseurs et les joueurs seront repliés vers le centre et
