2549 3308
1081 1055 709 86 LES SEINS , LES YEUX

1108 1166 558 71 ET LA CHEVELURE

805 1361 1435 80 Plus blancs et plus gonflés de trésors que les

653 1472 1587 82 tentes d'un émir , tes seins , ma bien-aimée , sont

653 1582 792 80 les tentes de mon amour .

802 1681 1440 77 Lorsque je cache , à midi , mon visage dans ta

659 1780 1674 80 chevelure et que je cherche ton regard , tes yeux sont

656 1885 1550 83 les deux étoiles qui illuminent ma nuit embaumée .

808 1990 1556 77 Si , un jour , j'apprends qu'un autre a dormi dans

656 2095 1553 77 ta chevelure et que tes yeux ont éclairé le visage

656 2199 1581 75 de ce maudit , je ne saisirai pas mon poignard , je

653 2301 1529 78 n'achèterai pas du poison , mais je sifflerai mes

653 2406 331 63 lévriers .

805 2505 1589 89 J'irai capturer une gazelle , que je parerai de tes

656 2618 1366 97 colliers et que je lâcherai vers un abîme .

2303 146 77 96 I.
