2542 3308
1078 443 391 100 LE FLAMBEAU

650 766 1663 94 ressemble maintenant à la pierre sacrée d'Al - Djouf ,

805 658 1461 94 J'ai poli ton corps de tant de caresses , qu'il

653 873 907 83 que tant de lèvres ont usée .

653 1080 722 105 m'inondera de lumière .

805 973 1494 93 Le soleil peut s'éteindre et la lune tomber , il

1086 1273 397 102 LA BATAILLE

835 1483 1403 93 Nous nous taisions . Je pensais au silence de

658 1590 1274 94 deux armées qui vont se livrer bataille .

838 1681 1618 110 J'ai livré la bataille d'amour . Le bruit des sabres

661 1794 1732 99 était dans nos baisers . Les soupirs des blessés étaient

658 1899 1646 99 dans nos halètements . Le fracas des chars était dans

661 2009 422 88 nos artères .

840 2103 1495 105 Et je t'ai gardé contre moi , comme un étendard

658 2219 295 96 déchiré .

1089 2315 405 86 SON SOURIRE

876 2511 1401 99 Quand je lui demande grâce , elle se contente

661 2621 1616 121 de sourire , les yeux baissés . Que puis-je attendre

2293 104 83 86 2.
