2548 3302
1123 437 733 91 LE SOMMEIL DES COLOMBES

641 756 1061 77 avoir tournoyé , très hésitantes .

793 643 1303 83 Elles se sont posés dans le cèdre , après

644 963 1573 71 sur la plus haute branche , un rossignol chantera .

790 855 1600 97 Maintenant , elles s'endorment . Comme chaque nuit ,

793 1067 1463 80 Ainsi , je berce souvent ton sommeil de paroles

644 1177 300 72 d'amour .

796 1265 1487 86 Je crois que le même instinct guide les colombes

650 1375 1636 83 et les jeunes filles vers les jardins où chantent des

647 1485 399 77 rossignols .

1346 1582 119 69 TOI

801 1777 1482 77 Ta chevelure , qui est l'étendard de mon amour .

801 1884 1512 86 Ton front, tiède et bombé comme une cassolette .

801 1989 1364 88 Tes yeux , qui sont couchés sur ton visage .

804 2102 1118 71 Tes lèvres , cette porte du Jardin .

804 2204 1485 77 Tes dents , entre tes lèvres , comme de la neige

655 2303 606 85 sur de la pourpre .

807 2413 1209 74 Ta langue , qui a mûri pour ma bouche .

807 2512 1239 74 Ton cou , qui est une colonne d'ivoire .

809 2616 1510 99 Ton épaule , lisse comme la margelle d'un puits .

2222 110 67 66 4.
