2508 3308
609 529 353 102 mon corps .

764 410 1363 113 Tes bras , qui seront deux flammes autours de

767 631 1360 94 Tes seins , qui jaillissent pour se donner .

767 758 1023 74 Ton ventre , ce parvis de marbre .

769 862 1543 75 Tes jambes , réunis comme deux agneaux craintifs.

769 967 1308 75 Tes piefs , qui ont franchi le seuil de ma

618 1069 1238 77 demeure , et que je pose sur mon front .

1012 1234 582 114 L' HEURE PAISIBLE

775 1463 1335 86 Voici l'heure où les troupeaux s'acheminent

623 1557 483 99 vers le puits .

778 1645 1335 116 J'attends Daoulag . Je suis étendu sur les

626 1778 1512 85 coussins qui gardaient l'empreinte de son corps .

780 1869 1457 93 En signal , j'ai posé , sur la fenêtre, un vase

629 1993 1233 77 dans lequel trempe la tige d'un rose .

780 2095 1399 82 Cette rose se détache au sommet d'une colline

631 2216 238 72 bleue .

1023 2299 706 82 Le CHANT DES GUERRIERS

783 2472 1402 127 Nous sommes venus des grands sables , où naît

634 2635 359 69 le simoun .

2190 90 80 83 5.
