2508 3308
2190 90 2270 173 5.
764 410 2127 523 Tes bras , qui seront deux flammes autours de
609 529 962 631 mon corps .
767 631 2127 725 Tes seins , qui jaillissent pour se donner .
767 758 1790 832 Ton ventre , ce parvis de marbre .
769 862 2312 937 Tes jambes , réunis comme deux agneaux craintifs.
769 967 2077 1042 Tes piefs , qui ont franchi le seuil de ma
618 1069 1856 1146 demeure , et que je pose sur mon front .
1012 1234 1594 1348 L' HEURE PAISIBLE
775 1463 2110 1549 Voici l'heure où les troupeaux s'acheminent
623 1557 1106 1656 vers le puits .
778 1645 2113 1761 J'attends Daoulag . Je suis étendu sur les
626 1778 2138 1863 coussins qui gardaient l'empreinte de son corps .
780 1869 2237 1962 En signal , j'ai posé , sur la fenêtre, un vase
629 1993 1862 2070 dans lequel trempe la tige d'un rose .
780 2095 2179 2177 Cette rose se détache au sommet d'une colline
631 2216 869 2288 bleue .
1023 2299 1729 2381 Le CHANT DES GUERRIERS
783 2472 2185 2599 Nous sommes venus des grands sables , où naît
634 2635 993 2704 le simoun .
