2507 3302
759 401 1728 88 Des astres , énormes comme des fruits, nous indiquaient,

608 517 729 80 la nuit , notre route .

759 608 1648 93 Nous sommes venus des grands sables , où naissent les

610 723 237 85 lions .

762 814 1673 94 Le jour , nos boucliers étaient des soleils en marche .

610 921 1734 80 La nuit , nos lances étayaient les étoiles . Nos compa-

613 1029 1527 85 gnons qui sont tombés , nous les avons ensevelis

613 1128 1057 88 debout , la face vers l'Occident .

765 1229 1552 86 Nous sommes venus des grands sables , où naquirent

610 1334 1621 91 les Pharaons . Leurs mausolées ne nous ont pas fait

613 1439 600 85 détourner la tête .

765 1540 1552 86 Nous sommes venus des grands sables , où verdoient

616 1639 1552 89 des oasis plus belles que les Jardins du Paradis .

613 1747 1214 88 Leurs délices ne nous ont pas retenus .

770 1843 1401 96 Nous sommes venus des grands sables , où l'on

619 1956 759 91 entend la voix de Dieu .

1136 2151 553 102 LA DANSEUSE NUE

773 2358 1362 96 Elle s'était érigée , les mains à la nuque .

773 2465 1464 107 Quand j'évoque sa beauté , on entendrait battre

619 2578 352 124 mon coeur .

2226 107 82 74 6.
