2480 3308
1034 435 406 66 LA VICTOIRE

794 639 1374 80 Elle me dit : " Qu'as-tu fait pour mériter de

615 747 441 66 me posséder ?"

800 843 1649 74 Sa chevelure s'était répandue sur ses épaules ,et ses

615 953 731 69 mains me repoussaient .

800 1050 1624 77 Elle me dit encore : " Ignores-tu que l'amour est un

620 1152 1675 85 combat ? O le plus valeureux des hommes , accepterais-

620 1259 1385 77 tu de triompher sans avoir livré bataille ? "

802 1364 1465 77 Elle sourit avec dédain , puis elle recula dans

620 1469 1437 74 l'ombre . Ses yeux rencontrèrent mes yeux . Je

623 1582 392 60 frissonnai .

802 1670 1559 99 Elle répéta : " Qu'as-tu fait pour mériter que je

626 1778 1619 74 m'abandonne dans tes bras ? Ignores-tu qu'un porteur

626 1882 1636 66 d'étendard est toujours un guerrier courageux ? Toi ,

628 1982 1587 82 qui a reçu plus de blessures que Dhâl , la panthère

631 2081 1545 96 enchantée , craindrais-tu la souffrance d'amour ?"

811 2188 1426 89 J'ai pris doucement ses mains . J'ai murmuré :

656 2307 480 63 "Peut-être ... "

813 2392 1410 102 Le crépuscule commençait . Jaloux , le soleil

637 2500 1459 129 s'était-il caché parce qu'elle avait consenti à

634 2613 571 121 m'apparaître nue ?

2140 129 77 69 8.
