2487 3308
2180 140 2260 201 4 -
749 471 2233 567 Elle laissa ses mains dans les miennes , et elle
562 592 1905 669 répéta : " Qu'as-tu fait pour mériter de me
562 689 984 766 posséder ? "
744 782 2117 871 Que pouvais-je répondre ? Ne savait-elle pas
565 895 1508 973 que j'allais être victorieux ?
749 1006 2178 1083 Au loin , dans la plaine , un pasteur chantait
567 1099 1232 1185 une chanson joyeuse .
744 1207 1629 1284 Je lui ai dit : " Ecoute."
1113 1405 1516 1485 LE SOUVENIR
749 1609 2147 1687 En courant , mes amis ont emporté ton corps .
749 1714 2230 1794 Messaouda , puisque ton visage était découvert ,
567 1816 2034 1899 tu as revu la fontaine près de lequelle je t'ai
570 1924 1941 2006 connue et le jardin qui nous accueillit , ce
570 2034 874 2108 jour-là .
749 2125 2299 2205 c'était un matin de la jeune année . Des colombes,
567 2230 2249 2312 bien lissées , venaient se poser sur les guirlandes de
570 2329 1976 2414 pampres qui flottaient entre les arbres . Tes
570 2436 2062 2519 yeux avaient-ils fait déjà fleurir les jasmins ?
567 2541 2156 2621 Des papillons chaviraient dans leur feuillage . Une
573 2649 2219 2751 odeur de miel nous environnait . Sur le minaret de la
