2480 3308
609 465 1708 91 mosquée voisine , un moûeddin ' célébrait les bienfaits

612 584 306 80 de Dieu .

791 683 1402 69 En courant , mes amis ont emporté ton corps .

797 785 1511 83 Chaque matin, j'irai m'asseoir près de ta tombe,

612 890 805 77 parmi les pleureuses .

948 1086 707 82 LE MARCHAND DE PARFUMS

802 1292 1460 83 Tu prétends que Karoun et qe Balkis ne possé-

617 1403 1656 69 daisent pas des parfums plus suaves que les tiens . Tu

617 1502 1620 85 prétends que les jardins de Marib n'exhalent pas des

623 1612 800 75 odeurs plus pénétrantes .

805 1700 1625 89 Je n'ai connu ni Karoun , ni Balkis . Je n'ai jamais

626 1811 1611 85 traversé les jardins de Marib . Mais,j'ai respiré le

623 1921 852 72 parfum de ma bien-aimée .

808 2015 1644 85 A présent , elle dort sous les ombrages du Paradis. Je

626 2122 1467 77 cherche son parfum . Je l'ai demandé au vent du

628 2224 1645 80 sud qui avait saccagé des oasis , au vent du nord qui

628 2326 1620 83 avait caresé les fleurs blanches des montagnes . Je

626 2431 1216 77 l'ai demandé à l'haleine du printemps .

805 2533 1443 83 Mais , l'haleine du printemps ne charriait pas

631 2635 1738 102 assez d'aromes . Le vent du nord n'avait pas caressé les

2165 215 119 90 I0.
