2480 3308
582 474 1580 91 seins de ma bien-aimée . Le vent du sud n'avait pas

582 587 664 66 emmêlé sa chevelure .

761 686 1313 105 Marchand de parfums , ne me montre pas tes

582 796 270 113 buires .

1161 884 312 105 LE DESTIN

766 1091 1341 99 L'amour de la femme est l'ombre d'une palme

587 1193 1617 102 sur le sable . L'amour de l'homme est le seul simoun

587 1298 1735 107 qui puisse briser cette palme et fixer ainsi son ombre.

766 1400 1620 110 Messaouda , dans la nuit de ton sépulcre , souviens-

590 1502 1699 113 toi du jardin solitaire où je l'ai conduite , un jour !

769 1609 1493 72 C'était un jardin entre des murailles si hautes,

593 1711 1644 91 que les cimes de ses arbres ne les dépassaient point.

772 1813 1456 78 C'était un jardin serti de murailles blanches ,

595 1918 1672 108 comme une émeraude cachée dans une fleur de magnolia .

775 2020 1415 110 Messaouda , souviens-toi du matin paisible où

595 2128 1645 113 tu t'es courbée sous mon amour , comme une palme sous

598 2241 367 102 le simoun !

780 2332 1344 110 A force de souffler , le simoun recouvre de

601 2445 971 102 sable le rameau qu'il a brisé .

780 2536 1407 126 O ma longue palme , que le sable du cimetière

604 2657 477 110 te soit léger .

2193 115 113 83 II.
