3830 5307
1198 681 1375 141 LES TROIS VAGUES

1689 906 358 84 --------

1371 1083 1167 124 Drame musical en trois actes

1729 1238 318 97 -------

1605 1401 526 120 ACTE Ier

455 1680 314 195 _Décor  !

1114 1667 2295 119 La salle au rez de chaussée de la maison de Jean sur les

950 1804 2468 141 hauteurs de Socoa, près de ⟦⟧ et de St-Jean de Luz. In-

1959 1764 292 89 ~~~

937 1941 2561 115 térieur de paysan aisé. Jean après avoir été pêcheur est main-

942 2065 2467 132 tenant sandalier. Le mobilier est rustique, mais cossu néan-

937 2211 2437 119 moins. quelques vieux meubles basques aux rayons sculptés. Au

942 2330 2432 124 fond une large baie vitrée par où l'on aperçoit la mer et un

946 2467 2397 106 soleil couchant tourmenté de nuages sinistres. Un escalier

946 2591 2424 133 en bois sculpté part à gauche et monte directement à l'étage

950 2728 2393 120 supérieur où sont les chambres. La pomme de l'escalier re-

946 2865 2481 115 présente une chimère sculptée. A gauche au pied de l'escalier

950 2994 2561 123 une porte qui conduit à l'arrière cuisine, à droit un vaste

950 3131 2278 115 cheminée paysanne avec de beaux chenets en fer forgé. Au

946 3259 2317 115 plafond sont suspendus à des claies avec des fromages, des

950 3392 2397 115 jambons entourés de toiles, des gerbes de piments écarlates

950 3515 2393 129 et d'autres ⟦blonds⟧. Au centre de la pièce une grande table

1455 3476 185 88 ~~~

950 3657 2521 115 de forme ancienne et sculptée. A droite et à gauche de la baie

955 3790 2397 106 un meuble et un coffre basque aux rayons sculptés. Sur ces

950 3913 2512 120 meubles quelques ⟦⟧ des étains et des cuivres. Au lever

1693 3878 235 88 ~~~

959 4051 2353 119 du rideau Jean est assis à droite devant l'âtre, un établi

959 4179 2375 119 de sandalier entre les jambes. ⟦⟧ travaille, la tête basse,

955 4307 2322 124 Maiten debout à l'angle droit de l'âtre le considère. ⟦⟧n

959 4440 2468 141 entend au loin, la mer démontée, le bruit des vagues et celui

964 4599 358 106 du vent.

3281 420 62 137 3
